% ----------- ECMA -------------

@Manual{ECMA-TR101,
  author={ECMA},
  title =  {{Technical Report TR/101,  Next Generation Corporate Networks (NGCN) - Emergency Calls, 2nd Edition}},
  note = {URL: \url{http://www.ecma-international.org/publications/techreports/E-TR-101.htm}},
  month = dec,
  year = 2010
}

% ----------- ATIS -------------

@Manual{ESIF-NENA-Diagram,
  author={ATIS},
  title =  {{ESIF-NENA Relationships - Emergency Services Problem Solving}},
  note = {URL: \url{http://www.atis.org/esif/Docs/Final-Documents/ESIF-NENA-Relationship-Diagrams.ppt}},
}

@Manual{ESIF-NENA-Relationship,
  author={ATIS},
  title =  {{The ESIF-NENA Relationship}},
  note = {URL: \url{http://www.atis.org/ESIF/Docs/Final-Documents/ESIF-NENA-Relationship.doc}},
  month = nov, 
  year = 2006
}

% ----------- European Law -------------


@Manual{Comitology,
  author = {Wikipedia},
  title = {{Wikipedia Entry for 'Comitology'}},
  note = {URL: \url{http://en.wikipedia.org/wiki/Comitology}}
}

@manual{EC-Committees,
  author = {European Commission},
  title =  {{Committees and Working Groups of the European Commission}},
  note = {URL: \url{http://ec.europa.eu/information_society/policy/ecomm/committees_working_groups/index_en.htm}}
}

@manual{BEREC,
  author = {European Commission},
  title =  {{Body of European Regulators for Electronic Communications (BEREC) and the Office}},
  note = {URL: \url{http://ec.europa.eu/information_society/policy/ecomm/implementation_enforcement/berec/index_en.htm}}
}

@manual{EGEA,
  author = {European Commission},
  title =  {{Communications Committee (COCOM) Expert Group on Emergency Access (EGEA)}},
  note = {URL: \url{http://circa.europa.eu/Public/irc/infso/egea/home}}
}

@manual{EGEA-Docs,
  author = {European Commission},
  title =  {{Communications Committee (COCOM) Expert Group on Emergency Access (EGEA) Presentation and Document Archive}},
  note = {URL: \url{http://circa.europa.eu/Public/irc/infso/egea/library}}
}


@manual{91/396/EEC,
  author = {The Council of the European Communities},
  title =  {{Council Decision of 29 July 1991 on the introduction of a single European emergency call number (91/396/EEC)}},
  note = {Official Journal of the European Communities, L 217, P. 0031 - 0032, URL: \url{http://eur-lex.europa.eu/LexUriServ/LexUriServ.do?uri=CELEX:31991D0396:EN:HTML}},
  day = 6,
  month = aug, 
  year = 1991
}

@manual{97/13/EC,
  author = {The European Parliament and the Council of the European Union},
  title =  {{Directive 97/13/EC of the European Parliament and of the Council of 10 April 1997 on a common framework for general authorizations and individual licences in the field of telecommunications services}},
  note = {Official Journal of the European Communities, L 117/15, URL: \url{http://eur-lex.europa.eu/LexUriServ/LexUriServ.do?uri=OJ:L:1997:117:0015:0027:EN:PDF}},
  day = 7,
  month = may, 
  year = 1997
}

@manual{98/10/EC,
  author = {The European Parliament and the Council of the European Union},
  title =  {{Directive 98/10/EC of the European Parliament and of the Council of 26 February 1998 on the application of open network provision (ONP) to voice telephony and on universal service for telecommunications in a competitive environment}},
  note = {Official Journal of the European Communities, L 101/24, URL: \url{http://eur-lex.europa.eu/LexUriServ/LexUriServ.do?uri=CELEX:31998L0010:EN:PDF}},
  day = 1,
  month = apr, 
  year = 1998
}


@manual{00/2887/EC,
  author = {The European Parliament and the Council of the European Union},
  title =  {{Regulation (EC) No 2887/2000 of the European Parliament and of the Council of 18 December 2000 on unbundled access to the local loop (Text with EEA relevance)}},
  note = {Official Journal of the European Communities, L 336/4, URL: \url{http://eur-lex.europa.eu/LexUriServ/LexUriServ.do?uri=OJ:L:2000:336:0004:0004:EN:PDF}},
  day = 30,
  month = dec, 
  year = 2000
}

@manual{02/19/EC,
  author = {The European Parliament and the Council of the European Union},
  title =  {{Directive 2002/19/EC of the European Parliament and of the Council of 7 March 2002 on access to, and interconnection of, electronic communications networks and associated facilities (Access Directive)}},
  note = {Official Journal of the European Communities, L 108/7, URL: \url{http://eur-lex.europa.eu/LexUriServ/LexUriServ.do?uri=CELEX:32002L0019:EN:PDF}},
  day=24,
  month = apr, 
  year = 2002
}

@manual{02/20/EC,
  author = {The European Parliament and the Council of the European Union},
  title =  {{Directive 2002/20/EC of the European Parliament and of the Council of 7 March 2002 on  the authorisation of electronic communications networks and services
(Authorisation Directive)}},
  note = {Official Journal of the European Communities, L 108/21, URL: \url{http://eur-lex.europa.eu/LexUriServ/LexUriServ.do?uri=OJ:L:2002:108:0021:0021:EN:PDF}},
  day = 24,
  month = apr, 
  year = 2002
}

@manual{02/21/EC,
  author =  {The European Parliament and the Council of the European Union},
  title =  {{Directive 2002/21/EC of the European Parliament and of the Council of 7 March 2002 on a common regulatory framework for electronic communications networks and services (Framework Directive)}},
  note = {Official Journal of the European Communities, L 108/33, URL: \url{http://eur-lex.europa.eu/LexUriServ/LexUriServ.do?uri=OJ:L:2002:108:0033:0033:EN:PDF}},
  day = 24,
  month = apr, 
  year = 2002
}

@manual{02/22/EC,
  author = {The European Parliament and the Council of the European Union},
  title =  {{Directive 2002/22/EC of the European Parliament and of the Council of 7 March 2002 on universal service and users' rights relating to electronic communications networks and services (Universal Service Directive)}},
  note = {Official Journal of the European Communities, L 108/51, URL: \url{http://eur-lex.europa.eu/LexUriServ/LexUriServ.do?uri=OJ:L:2002:108:0051:0051:EN:PDF}},
  day = 24,
  month = apr, 
  year = 2002
}

@manual{02/58/EC,
  author = {The European Parliament and the Council of the European Union},
  title =  {{Directive 2002/58/EC of the European Parliament and of the Council of 12 July 2002 concerning the processing of personal data and the protection of privacy in the electronic communications sector (Directive on privacy and electronic communications)}},
  note = {Official Journal of the European Communities, L 201/37, URL: \url{http://eur-lex.europa.eu/LexUriServ/LexUriServ.do?uri=OJ:L:2002:201:0037:0037:EN:PDF}},
  day = 31,
  month = jul, 
  year = 2002
}

@manual{02/77/EC,
  author = {The European Parliament and the Council of the European Union},
  title =  {{Directive 2002/77/EC of the European Parliament and of the Council of 16 September 2002 on competition in the marketsfor electronic communications networks and services (Text with EEA relevance)}},
  note = {Official Journal of the European Communities, L 249/21, URL: \url{http://eur-lex.europa.eu/LexUriServ/LexUriServ.do?uri=OJ:L:2002:249:0021:0021:EN:PDF}},
  day = 17,
  month = sep, 
  year = 2002
}


@manual{Michalski,
  author={W. Michalski},
  title =  {{Technical and Regulatory Issues of Emergency Call}},
  note={Journal of Telecommunications and Information Technology, URL: \url{http://www.nit.eu/czasopisma/JTIT/2009/3/123.pdf}},
  month = mar, 
  year = 2009
}

@manual{tkg_2004,
  author={Bundesministerium der Justiz},
  title =  {{Telekommunikationsgesetz (TKG)}},
  note = {URL: \url{http://www.gesetze-im-internet.de/tkg_2004/index.html}},
  day = 20,
  month = jun, 
  year = 2004
}

@manual{notrufv,
  author={Bundesnetzagentur},
  title =  {{Verordnung \"uber Notrufverbindungen (NotrufV)}},
  note = {URL: \url{http://www.gesetze-im-internet.de/notrufv/index.html}},
  day = 6,
  month = mar, 
  year = 2009
}

@manual{COCOM09-11-Annex,
  author={European Commission Communications Committee},
  title =  {{ANNEX to Document COCOM09-11 FINAL 'Report on the Implementation of 112'}},
  note = {URL: \url{http://circa.europa.eu/Public/irc/infso/cocom1/library?l=/public_documents_2009/cocom09-11_final_1/_EN_1.0_&a=d}},
  day = 24,
  month =  mar, 
  year = 2009
}


@manual{COCOM10-39-Final,
  author={European Commission Communications Committee},
  title =  {{Terms of Reference of the Working Group on Emergency Access (EGEA) for 2011}},
  note = {URL: \url{http://circa.europa.eu/Public/irc/infso/egea/library?l=/terms_reference/cocom10-39_2011pdf/_EN_1.0_&a=d}},
  day =12,
  month =  jan, 
  year = 2011
}

@manual{M493,
  author={European Commission},
  title =  {{Standardisation Mandate to the European Standards Organizations (ESO) in Support of the Location Enhanced Emergency Call Service, M/493}},
  note = {URL: \url{http://circa.europa.eu/Public/irc/infso/egea/library?l=/standardisation/emergency_m493pdf_1/_EN_1.0_&a=d}},
  day =6,
  month =  may, 
  year = 2011
}


@manual{112AnalyticalReport-2011,
  author={Gallup},
  title =  {{The European Emergency Number 112 - Analytical Report}},
  note = {URL: \url{http://ec.europa.eu/information_society/activities/112/docs/report_2011.pdf}},
  month =  feb, 
  year = 2011
}

@manual{112SummaryReport-2011,
  author={Gallup},
  title =  {{The European Emergency Number 112 - Summary Report}},
  note = {URL: \url{http://ec.europa.eu/information_society/activities/112/docs/survey_summary2011.pdf}},
  month =  feb, 
  year = 2011
}

@manual{EENA112,
  author={EENA},
  title =  {{How is 112 implemented?}},
  note = {URL: \url{http://www.eena.org/view/en/About112/112functioning.html}},
  month =  Aug, 
  year = 2012
}

@manual{COCOM10-38,
  author={European Commission Communications Committee},
  title =  {{Implementation of the European emergency number 112 - Results of the fourth data-gathering round)}},
  note = {URL: \url{http://circa.europa.eu/Public/irc/infso/cocom1/library?l=/public_documents_2011/cocom10-38_finalpdf/_EN_1.0_&a=d}},
  day = 2,
  month =  may, 
  year = 2011
}

@manual{COCOM10-38-Annex,
  author={European Commission Communications Committee},
  title =  {{ANNEX to document COCOM10-38 'Report on the Implementation of 112'}},
  note = {URL: \url{http://circa.europa.eu/Public/irc/infso/cocom1/library?l=/public_documents_2011/cocom10-38_annexpdf/_EN_1.0_&a=d}},
  day = 2,
  month =  may, 
  year = 2011
}


@manual{COCOM10-09,
  author={European Commission Communications Committee},
  title =  {{Implementation of the European emergency number 112 - Results of the third data-gathering round)}},
  note = {URL: \url{http://www.eena.org/ressource/static/files/cocom_report2010.pdf}},
  day = 11,
  month =  feb, 
  year = 2010
}

@manual{COCOM10-09-Annex,
  author={European Commission Communications Committee},
  title =  {{ANNEX to document COCOM10-09 'Report on the Implementation of 112'}},
  note = {URL: \url{http://www.eena.org/ressource/static/files/cocom_annex2010.pdf}},
  day = 11,
  month =  feb, 
  year = 2010
}



@manual{COCOM09-11,
  author={European Commission Communications Committee},
  title =  {{Implementation of the European emergency number 112 - Results of the second data-gathering round (January 2009)}},
  note = {URL: \url{http://circa.europa.eu/Public/irc/infso/cocom1/library?l=/public_documents_2009/cocom09-11_final/_EN_1.0_&a=d}},
  day = 24,
  month =  mar, 
  year = 2009
}

@manual{COCOM08-17,
  author={European Commission Communications Committee},
  title =  {{Implementation of the European emergency number 112 - Summary Report}},
  note = {URL: \url{http://circa.europa.eu/Public/irc/infso/cocom1/library?l=/public_documents_2008/cocom08-17_final_1/_EN_1.0_&a=d}},
  day = 23,
  month =  jul, 
  year = 2008
}

@manual{COCOM08-17-Annex,
  author={European Commission Communications Committee},
  title =  {{ANNEX to Document COCOM08-17 FINAL 'Implementation of the European emergency number 112 - Summary Report'}},
  note = {URL: \url{http://circa.europa.eu/Public/irc/infso/cocom1/library?l=/public_documents_2008/cocom08-17_final/_EN_1.0_&a=d}},
  day = 23,
  month =  jul, 
  year = 2008
}

@manual{infringement,
  author={European Commission},
  title =  {{State of infringement proceedings concerning 112 (Situation as of March 2011)}},
  note = {URL: \url{http://ec.europa.eu/information_society/activities/112/docs/table_infring.pdf}},
  month =  mar, 
  year = 2011
}

@manual{EUROPEAN112DAY,
  author={European Commission},
  title =  {{Joint Tripartite Declaration Establishing a "European 112 Day"}},
  note = {URL: \url{http://ec.europa.eu/information_society/activities/112/docs/decl/en.pdf}},
  day = 11, 
  month =  feb, 
  year = 2009
}

@manual{ec-112,
  author={European Commission},
  title =  {{112 - The European Emergency Number}},
  note = {URL: \url{http://ec.europa.eu/112}}
}

@manual{cocom,
  author={European Commission},
  title =  {{Communications Committee (COCOM)}},
  note = {URL: \url{http://ec.europa.eu/information_society/policy/ecomm/ implementation_enforcement/comm_committee/index_en.htm}}
}

@manual{EGEA-TermsOfReference,
  author={European Commission},
  title =  {{EGEA Terms of Reference}},
  note = {URL: \url{http://circa.europa.eu/Public/irc/infso/egea/library?l=/terms_reference&vm=detailed&sb=Title}}
}

@manual{IAB-EC,
  author={Internet Architecture Board},
  title =  {{Letter to the European Commission on Global Interoperability in Emergency Services}},
  note = {URL: \url{http://www.iab.org/documents/correspondence-reports-documents/2011-2/letter-to-the-european-commission-on-global-interoperability-in-emergency-services/}}
}



@manual{GW07,
  author={D. Garrie and R. Wong},
  title =  {{Regulating Voice over Internet Protocol: An EU/US Comparative Approach}},
  note={American University International Law Review, Vol. 22, No. 4, pp. 549-481, URL: \url{http://ssrn.com/abstract=997592}},
  year = 2007
}

@manual{Parrillo06,
  author={G. Parrillo},
  title =  {{The Current Status of VoIP Regulation in Italy}},
  note={Computer and Telecommunications Law Review, 12(4), pp. 111},
  year = 2006
}

@manual{Ofcom07,
  author={Ofcom},
  title =  {{Regulation of VoIP Services: Access to the Emergency Services: Statement and publication of a statutory notification under section 48(1) of the Communications Act 2003 modifying General Condition 4}},
  note={URL: \url{http://stakeholders.ofcom.org.uk/binaries/consultations/voip/statement/voipstatement.pdf}},
  day = 5,
  month = dec,
  year = 2007
}

@manual{CGALIES,
  author={CGALIES (Co-ordination Group on Access to Location Information by Emergency Services)},
  title =  {{Report on implementation issues related to access to location information by emergency services (E112 ) in the European Union: Final Report}},
  note = {URL: \url{http://www.emtel.etsi.org/Workshop/Non-presented_papers/Cgalies%20final%20V1.0%20Jan%20M.doc}},
  day = 28, 
  month = jan, 
  year = 2002
}

@manual{03/558/EC,
  author = {Commission of the European Communities},
  title =  {{Commission Recommendation of 25 July 2003 on the processing of caller location information in electronic communication networks for the purpose of location-enhanced emergency call services (notified under document number C(2003) 2657)}},
  note = {Official Journal of the European Communities, L 189/49, URL: \url{http://eur-lex.europa.eu/LexUriServ/LexUriServ.do?uri=OJ:L:2003:189:0049:0051:EN:PDF}},
  day = 29,
  month = jul, 
  year = 2003
}

@manual{rapid-09,
  author={Press Releases RAPID},
  title =  {{Telecoms: Italy urged to take action on 112 caller location to comply with Court judgement, IP/09/774}},
  note = {URL: \url{http://europa.eu/rapid/pressReleasesAction.do?reference=IP/09/774}},
  day = 14, 
  month = may, 
  year = 2009
}

@manual{rapid-10,
  author={Press Releases RAPID},
  title =  {{Telecoms: Commission asks Court of Justice to fine Italy for not providing caller location information for 112 calls }},
  note = {URL: \url{http://europa.eu/rapid/pressReleasesAction.do?reference=IP/10/520}},
  day = 5, 
  month = may, 
  year = 2010
}

@manual{telecoms-reform,
  author={European Commission},
  title =  {{Europe's Information Society - Thematic Portal: The Telecoms Reform}},
  note = {URL: \url{http://ec.europa.eu/information_society/policy/ecomm/tomorrow/index_en.htm}},
}

@manual{09/1211/EC,
  author = {The European Parliament and the Council of the European Union},
  title =  {{REGULATION (EC) No 1211/2009 OF THE EUROPEAN PARLIAMENT AND OF THE COUNCIL of 25 November 2009 establishing the Body of European Regulators for Electronic Communications (BEREC) and the Office}},
  note = {Official Journal of the European Communities, L 201/37, URL: \url{http://eur-lex.europa.eu/LexUriServ/LexUriServ.do?uri=OJ:L:2009:337:0001:0010:EN:PDF}},
  day = 18,
  month = dec, 
  year = 2009
}

@manual{09/136/EC,
  author = {The European Parliament and the Council of the European Union},
  title =  {{DIRECTIVE 2009/136/EC OF THE EUROPEAN PARLIAMENT AND OF THE COUNCIL of 25 November 2009 amending Directive 2002/22/EC on universal service and users’ rights relating to electronic communications networks and services, Directive 2002/58/EC concerning the processing of personal data and the protection of privacy in the electronic communications sector and Regulation (EC) No 2006/2004 on cooperation between national authorities responsible for the enforcement of consumer protection laws}},
  note = {Official Journal of the European Communities, L 337/11, URL: \url{http://eur-lex.europa.eu/LexUriServ/LexUriServ.do?uri=OJ:L:2009:337:0011:0036:En:PDF}},
  day = 18,
  month = dec, 
  year = 2009
}

@manual{09/140/EC,
  author = {The European Parliament and the Council of the European Union},
  title =  {{DIRECTIVE 2009/140/EC OF THE EUROPEAN PARLIAMENT AND OF THE COUNCIL of 25 November 2009 amending Directives 2002/21/EC on a common regulatory framework for electronic communications networks and services, 2002/19/EC on access to, and interconnection of, electronic communications networks and associated facilities, and 2002/20/EC on the authorisation of electronic communications networks and services}},
  note = {Official Journal of the European Communities, L 337/37, URL: \url{http://eur-lex.europa.eu/LexUriServ/LexUriServ.do?uri=OJ:L:2009:337:0037:0069:EN:PDF}},
  day = 18,
  month = dec, 
  year = 2009
}

@manual{2007/0248-COD,
  author = {European Parliament},
  title =  {{European Parliament legislative resolution of 6 May 2009 on the common position adopted by the Council with a view to the adoption of a directive of the European Parliament and of the Council amending Directive 2002/22/EC on universal service and users" rights relating to electronic communications networks, Directive 2002/58/EC concerning the processing of personal data and the protection of privacy in the electronic communications sector and Regulation (EC) No 2006/2004 on cooperation between national authorities responsible for the enforcement of consumer protection laws (16497/1/2008 - C6-0068/2009 - 2007/0248(COD))}},
  note = {URL: \url{http://eur-lex.europa.eu/LexUriServ/LexUriServ.do?uri=OJ:L:2009:337:0037:0069:EN:PDF}},
  day = 6,
  month = may, 
  year = 2009
}

% ----------- US Law -------------

@Manual{FCC-relay,
  author={FCC},
  title =  {{Ten-Digit Numbering and Emergency Call Handling Procedures for Internet-Based TRS}},
  note = {URL: \url{http://www.fcc.gov/guides/ten-digit-numbering-and-emergency-call-handling-procedures-internet-based-trs}}
}

@Manual{ADA,
  author={U.S. Department of Justice},
  title =  {{Americans with Disabilities Act - Access for 9-1-1 and Telephone Emergency Services}},
  note = {URL: \url{http://www.ada.gov/911ta.htm}},
  month = jul, 
  year = 1998
}

% ----------- GML / OGC References -------------

@Manual{GML-PIDF-LO,
  author={C. Reed and M. Thomson},
  title =  {{GML 3.1.1 PIDF-LO Shape Application Schema for use by the Internet Engineering Task Force (IETF)}},
  note = {URL: \url{http://portal.opengeospatial.org/files/?artifact_id=21630}},
  publisher="Open Geospatial Consortium",
  month = apr,
  year = 2007
}

@Manual{GML-PointProfile,
  author={R. Lake and C. Reed},
  title =  {{GML Point Profile, Version 0.4}},
  note = {Open Geospatial Consortium, URL: \url{http://portal.opengeospatial.org/files/?artifact_id=11606}},
  month = jul,
  year = 2005
}

@Manual{GML-SimpleFeature,
  author={P. Vretanos},
  title =  {{GML Simple Features Profile, Version 1.0}},
  note = {Open Geospatial Consortium, URL: \url{http://portal.opengeospatial.org/files/?artifact_id=15201}},
  month = apr,
  year = 2006
}

@Manual{OGC-WFS,
  author={P. Vretanos},
  title =  {{OpenGIS Web Feature Service 2.0 Interface Standard (also ISO 19142), Document \#09-025r1}},
  note = {Open Geospatial Consortium, URL: \url{http://www.opengeospatial.org/standards/wfs}},
  month = nov,
  year = 2010
}

@Manual{GML-Apps,
  author={OGC},
  title =  {{GML Application Schemas and Profiles}},
  note = {URL: \url{http://www.ogcnetwork.net/node/210}}
}
@Manual{gdacs,
  title =  {{Global Disaster Alert and Coordination System}},
  note = {URL: \url{http://www.gdacs.org/}}
}

@Manual{CityGML,
  title =  {{CityGML}},
  note = {URL: \url{http://www.citygmlwiki.org/index.php/Basic_Information}}
}

@Manual{OGC-SWE,
  author={OGC},
  title =  {{OGC Sensor Web Enablement}},
  note = {URL: \url{http://www.ogcnetwork.net/SWE}}
}

@Manual{Wikipedia-CRS,
  author={Wikipedia},
  title =  {{Coordinate Reference Systems and Positioning}},
  note = {URL: \url{http://en.wikibooks.org/wiki/Coordinate_Reference_Systems_and_Positioning}}
}

@Manual{OGC-CRS,
  author={Roger Lott},
  title =  {{OGC Abstract Specification Topic 2, Spatial Referencing by Coordinates}},
  note = {URL: \url{http://portal.opengeospatial.org/files/?artifact_id=6716}},
  month = aug, 
  year = 2008
}

% ----------- OMA Specifications -------------

@manual{OMA-SUPL-v2,
   author={Open Mobile Alliance},
    title = {{Secure User Plane Location, Version 2.0}},
  note = {URL: \url{http://member.openmobilealliance.org/ftp/Public_documents/LOC/Permanent_documents/OMA-ERP-SUPL-V2_0-20080627-C.zip}},
    month = jul,
    year = {2008}
}

@manual{OMA-ULP-v2,
   author={Open Mobile Alliance},
    title = {{UserPlane Location Protocol, Version 2.0}},
  note = {URL: \url{http://member.openmobilealliance.org/ftp/Public_documents/LOC/Permanent_documents/OMA-TS-ULP-V2_0-20080627}},
    month = jun,
    year = {2006}
}

@manual{OMA-MLP-v3.3,
   author={Open Mobile Alliance},
    title = {{Mobile Location Protocol, Version 3.3}},
  note = {URL: \url{http://member.openmobilealliance.org/ftp/Public_documents/LOC/Permanent_documents/OMA-TS-MLP-V3_3-20080627-C.zip}},
    month = jun,
    year = {2008}
}

@manual{OMA-AD-SUPL-AD-V1,
   author={Open Mobile Alliance},
    title = {{Secure User Plane Location Architecture, Version 1.0}},
  note = {URL: \url{http://www.openmobilealliance.org/technical/release_program/supl_v1_0.aspx}},
    month = jun,
    year = {2007}
}

@manual{OMA-AD-SUPL-V2,
   author={Open Mobile Alliance},
    title = {{Secure User Plane Location Architecture, Version 2.0}},
  note = {URL: \url{http://www.openmobilealliance.org/technical/release_program/supl_v2_0.aspx}},
    month = apr,
    year = {2012}
}

@manual{OMA-AD-SUPL-V3,
   author={Open Mobile Alliance},
    title = {{Secure User Plane Location Architecture, Version 3.0}},
  note = {URL: \url{http://www.openmobilealliance.org/technical/release_program/supl_v3_0.aspx}},
    month = Sep,
    year = {2011}
}

@manual{OMA-AD-MLS-V1,
   author={Open Mobile Alliance},
    title = {{OMA Mobile Location Service, Version 1.0}},
  note = {URL: \url{http://www.openmobilealliance.org/technical/release_program/mls_v1_0.aspx}},
    month = Jul,
    year = {2011}
}

@manual{OMA-AD-MLS-V1-1,
   author={Open Mobile Alliance},
    title = {{OMA Mobile Location Service, Version 1.1}},
  note = {URL: \url{http://www.openmobilealliance.org/technical/release_program/mls_v1_1.aspx}},
    month = Jan,
    year = {2011}
}

@manual{OMA-AD-MLS-V1-2,
   author={Open Mobile Alliance},
    title = {{OMA Mobile Location Service, Version 1.2}},
  note = {URL: \url{http://www.openmobilealliance.org/technical/release_program/mls_v1_2.aspx}},
    month = Nov,
    year = {2011}
}

@manual{LIF-TS101-v3.0.0,
   author={Open Mobile Alliance},
    title = {{Mobile Location Protocol Specification, LIF TS101, Version 3.0.0}},
  note = {URL: \url{http://www.openmobilealliance.org/tech/affiliates/LicenseAgreement.asp?DocName=/lif/LIF-TS-101-v3.0.0.zip}},
    month = jun,
    year = {2002}
}

@manual{OMA-LIF-MLP-V3-1,
   author={Open Mobile Alliance},
    title = {{Mobile Location Protocol (MLP), Version 3.1}},
  note = {URL: \url{http://www.openmobilealliance.org/technical/release_program/mlp_v31.aspx}},
    month = Sep,
    year = {2011}
}

@manual{OMA-AD-Presence-SIMPLE-V2,
   author={Open Mobile Alliance},
    title = {{Presence Simple Architecture, Version 2.0}},
  note = {URL: \url{http://www.openmobilealliance.org/technical/release_program/Presence_simple_archive.aspx}},
    month = Dec,
    year = {2010}
}

@manual{OMA-AD-GPM-V1,
   author={Open Mobile Alliance},
    title = {{Global Permissions Management Architecture, Version 1.0}},
  note = {URL: \url{http://www.openmobilealliance.org/Technical/release_program/gpm_archive.aspx}},
    month = Nov,
    year = {2011}
}


@manual{OMA-AD-XDM-V2,
   author={Open Mobile Alliance},
    title = {{OMA XML Document Management, Version 2.1}},
  note = {URL: \url{http://www.openmobilealliance.org/technical/release_program/XDM_archive.aspx}},
    month = Dec,
    year = {2010}
}




@manual{OMA-TS-LOCSIP-V1_0,
   author={Open Mobile Alliance},
    title = {{OMA Location in SIP/IP Core, Version 1.0}},
  note = {URL: \url{http://member.openmobilealliance.org/ftp/Public_documents/LOC/Permanent_documents/OMA-TS-LOCSIP-V1_0-20101125-C.zip}},
    month = Nov,
    year = {2010}
}

% ----------- Wimax Forum Specifications -------------

@manual{Wimax-X.509,
   author={Wimax Forum},
    title = {{WiMAX Forum Network Architecture - X.509 Device Certificate Profile Draft Specification, Version 1.1.0}},
  note = {URL: \url{http://www.wimaxforum.org/sites/wimaxforum.org/files/page/2009/12/ WiMAX_Forum_X.509_Device_Certificate_Profile.pdf}},
    month = Jun,
    year = {2009}
}

@manual{WMF-T33-115-R015V01,
   author={Wimax Forum},
    title = {{Universal Services Interface. An Architecture for Internet+ Service Mode, Release 1.5 V01}},
    month = nov,
    year = {2009}
}

@MANUAL{Wimax-PKI,
   author={Wimax Forum},
    title = {{WiMAX Forum PKI (X.509)}},
  note = {URL: \url{http://www.wimaxforum.org/resources/pki}}
}

@manual{WMF-T33-110-R015V01,
   author={Wimax Forum},
    title = {{WiMAX Network Protocols and Architecture for Location Based Services, Release 1.5 V01}},
    month = nov,
    year = {2009}
}

@manual{WMF-T32-001-R015v01,
   author={Wimax Forum},
    title = {{WiMAX Forum Network Architecture, Stage 2, Base Specification, Release 1.5 V01}},
    month = nov,
    year = {2009}
}

@manual{WMF-Arch-Rel1v2,
   author={Wimax Forum},
    title = {{WiMAX Forum Network Architecture, Stage 2: Architecture Tenets, Reference Model and
Reference Points,  Release 1, Version 2.0}},
    month = jan,
    year = {2008}
}

@manual{WMF-T33-001-R015v01,
   author={Wimax Forum},
    title = {{WiMAX Forum Network Architecture, Stage 3, Base Specification, Release 1.5 V01}},
    month = nov,
    year = {2009}
}

@manual{WMF-T33-102-R015V02,
   author={Wimax Forum},
    title = {{WiMAX Forum Network Architecture; Architecture, Detailed Protocols and Procedures; Emergency Services Support}},
    month = nov,
    year = {2009}
}

@manual{WMF-T33-101-R015v02,
   author={Wimax Forum},
    title = {{WiMAX Forum Network Architecture; Architecture, Detailed Protocols and Procedures; IP multimedia subsystem (IMS) interworking}},
    month = nov,
    year = {2009}
}

% ----------- 3GPP Specifications -------------

@manual{ETSI-ES-282-004,
   author={ETSI},
    title = {{NGN Functional Architecture; Network Attachment Sub-System (NASS), Version 3.4.1}},
    month = mar,
    year = {2010}
}

@manual{3GPP-TS-24.229,
   author={3GPP},
    title = {{TS 24.229: IP multimedia call control protocol based on Session Initiation Protocol (SIP) and Session Description Protocol (SDP), Stage 3, Release 11, Version 11.4.0}},
    month = Jun,
    year = {2012}
}

@manual{3GPP-TR-22.871,
   author={3GPP},
    title = {{TR 22.871: Study on non-voice emergency services, Release 11, Version 11.3.0}},
    month = Oct,
    year = {2011}
}


@manual{3GPP-TS-36.331,
   author={3GPP},
    title = {{TS 36.331: Evolved Universal Terrestrial Radio Access (E-UTRA); Radio Resource Control (RRC); Protocol specification, Version 11.0.0}},
    month = Jul,
    year = {2012}
}

@manual{3GPP2-C.S0084-006,
   author={3GPP2},
    title = {{3GPP2 C.S0084-006-0: Connection Control Plane for Ultra Mobile Broadband (UMB) Air Interface Specification, Version 2}},
    month = Aug,
    year = {2007}
}


@manual{C.S0022,
   author={3GPP2},
    title = {{3GPP2 C.S0022-0: Position Determination Service Standard for Dual Mode Spread Spectrum Systems, Version 3}},
    month = Feb,
    year = {2001}
}



@manual{3GPP-TS-44.031,
   author={3GPP},
    title = {{TS 44.031: Location Services (LCS); Mobile Station (MS) - Serving Mobile Location Centre (SMLC) Radio Resource LCS Protocol (RRLP), Version 10.0.0}},
    month = Jun,
    year = {2011}
}

@manual{3GPP-TS-25.331,
   author={3GPP},
    title = {{TS 25.331: Radio Resource Control (RRC); Protocol specification, Version 11.2.0}},
    month = Jul,
    year = {2012}
}





@manual{3GPP-TS-24.229-version9.2.0,
   author={3GPP},
    title = {{TS 24.229:Internet Protocol (IP) multimedia call control protocol based on Session Initiation Protocol (SIP) and Session Description Protocol (SDP); Stage 3, Version 9.2.0}},
    month = dec,	
    year = {2009}
}


@manual{3GPP-TS-43.059,
   author={3GPP},
    title = {{TS 43.059: Functional stage 2 description of Location Services (LCS) in GERAN, Release 10, Version 10.0.0}},
    month = apr,
    year = {2011}
}


@manual{3GPP-TS-36.305,
   author={3GPP},
    title = {{TS 36.305: Stage 2 functional specification of User Equipment (UE) positioning in E-UTRAN, Release 10, Version 10.3.0}},
    month = oct,
    year = {2011}
}


@manual{3GPP-TS-25.305,
   author={3GPP},
    title = {{TS 25.305: Stage 2 functional specification of User Equipment (UE) positioning in UTRAN, Release 10, Version 10.0.0}},
    month = oct,
    year = {2010}
}


@manual{3GPP-TS-23.271,
   author={3GPP},
    title = {{TS 23.271: Functional stage 2 description of Location Services (LCS), Release 10, Version 10.2.0}},
    month = mar,
    year = {2011}
}


@manual{3GPP-TS-36.355,
   author={3GPP},
    title = {{TS 36.355: Evolved Universal Terrestrial Radio Access (E-UTRA); LTE Positioning Protocol (LPP), Version 11.0.0}},
    month = sep,
    year = {2012}
}

@manual{3GPP-TS-23.228,
   author={3GPP},
    title = {{TS 23.228: Technical Specification Group Services and System Aspects; IP Multimedia Subsystem (IMS); Stage 2 (Release 7), Version 7.13.0}},
    month = Jul,
    year = {2008}
}

@manual{3GPP-TS-22.004,
   author={3GPP},
    title = {{TS 22.004: General on Supplementary Services (Release 9), Version 9.0.0}},
    month = dec,	
    year = {2009}
}

@manual{3GPP-TS-22.071,
   author={3GPP},
    title = {{TS 22.071: Location Services (LCS); Service Description; Stage 1, Version 9.0.0}},
    month = dec,	
    year = {2009}
}

@manual{3GPP-TS-22.101,
   author={3GPP},
    title = {{TS 22.101:  Service Aspects; Service Principles, Version 9.6.0}},
    month = dec,	
    year = {2009}
}

@manual{3GPP-TS-22.173,
   author={3GPP},
    title = {{TS 22.173: IP Multimedia Core Network Subsystem (IMS) Multimedia Telephony Service and Supplementary Services; Stage 1, Version 9.4.0}},
    month = dec,	
    year = {2009}
}

@manual{3GPP-TS-23.018,
   author={3GPP},
    title = {{TS 23.018: Basic call handling; Technical realization, Version 9.0.0}},
    month = dec,	
    year = {2009}
}

@manual{3GPP-TS-23.167,
   author={3GPP},
    title = {{TS 23.167: IP Multimedia Subsystem (IMS) Emergency Sessions, Version 9.3.0}},
    month = dec,	
    year = {2009}
}

@manual{3GPP-TS-23.221,
   author={3GPP},
    title = {{TS 23.221: Architectural Requirements, Version 9.2.0}},
    month = dec,	
    year = {2009}
}

@manual{3GPP-TS-24.008,
   author={3GPP},
    title = {{TS 24.008: Mobile radio interface Layer 3 specification; Core network protocols; Stage 3, Version 9.1.0}},
    month = dec,	
    year = {2009}
}


@manual{3GPP-TS-29.214,
   author={3GPP},
    title = {{TS 29.214: Policy and charging control over Rx reference point; Stage 3, Version 7.11.0}},
    month = Jan,	
    year = {2011}
}

@manual{3GPP-TS-24.301,
   author={3GPP},
    title = {{TS 24.301: Non-access-stratum (NAS) protocol for Evolved Packet Services (EPS); Stage 3, Version 9.1.0}},
    month = dec,	
    year = {2009}
}

@manual{3GPP-TS-25.304,
   author={3GPP},
    title = {{TS 25.304: User Equipment (UE) Procedures in Idle Mode and Procedures for Cell Reselection in Connected Mode, Version 8.7.0}},
    month = dec,	
    year = {2009}
}

@manual{3GPP-TS-31.102,
   author={3GPP},
    title = {{TS 31.102: Characteristics of the Universal Subscriber Identity Module (USIM) Application, Version 9.1.0}},
    month = dec,	
    year = {2009}
}

@manual{3GPP-TS-36.304,
   author={3GPP},
    title = {{TS 36.304:  Evolved Universal Terrestrial Radio Access (E-UTRA); User Equipment (UE) Procedures in Idle Mode, Version 9.0.0}},
    month = dec,	
    year = {2009}
}

@manual{3GPP-TS-43.022,
   author={3GPP},
    title = {{TS 43.022:  Functions related to Mobile Station (MS) in Idle Mode and Group Receive Mode, Version 9.0.0}},
    month = dec,	
    year = {2009}
}

@manual{3GPP-TS-29.273,
   author={3GPP},
    title = {{TS 29.273:  Evolved Packet System (EPS); 3GPP EPS AAA interfaces, Version 8.8.0}},
    month = Jun,	
    year = {2011}
}


% ----------- IEEE Specifications -------------

@manual{IEEE802.16-2009,
   author={IEEE},
    title = {{IEEE 802.16-2009, IEEE Standard for Local and Metropolitan Area Networks, Part 16: Air Interface for Fixed and Mobile Broadband Wireless Access Systems, Amendment for Physical and Medium Access Control Layers for Combined Fixed and Mobile Operation in Licensed Bands}},
    year = {2009},
    month = jun
}

@manual{IEEE802.11-2007,
   author={IEEE},
    title = {{IEEE 802.11-2007, Wireless {LAN} Medium Access Control ({MAC}) and Physical Layer ({PHY}) Specifications}},
    year = {2007},
    month = jun
}

@manual{IEEE802.11-2011,
   author={IEEE},
    title = {{IEEE 802.11-2011, Wireless {LAN} Medium Access Control ({MAC}) and Physical Layer ({PHY}) Specifications}},
    month=jun,
    year = {2011}
}

@manual{IEEE802.11k-2008,
   author={IEEE},
    title = {{IEEE} 802.11k-2008, IEEE Standard for Information Technology Telecommunications and Information Exchange Between Systems Local and Metropolitan Area Networks Specific Requirements Part 11: Wireless Lan Medium Access Control (MAC) and Physical Layer (PHY) Specifications Amendment 1: Radio Resource Measurement of Wireless Lans},
   month=jun,
    year = {2011}
}

@manual{IEEE-802.11y,
   author={IEEE},
    title = {{IEEE-802.11y, IEEE Standard for Information Technology Telecommunications and Information Exchange Between Systems Local and Metropolitan Area Networks Specific Requirements Part 11: Wireless LAN Medium Access Control (MAC) and Physical Layer (PHY) specifications Amendment 3: 3650-3700 MHz Operation in USA}},
    month=nov,
    year = {2008}
}

% ----------- EMTEL Specifications -------------


@manual{SR002777,
  author={EMTEL},
  title =  {{Emergency Communications (EMTEL); Test/verification procedure for emergency calls, Special Report ETSI 002 777 V1.1.1}},
  note = {URL: \url{http://www.etsi.org/deliver/etsi_sr/002700_002799/002777/01.01.01_60/sr_002777v010101p.pdf}},
  month = {jun},
  year = {2010}
}

@manual{TR102180,
  author={EMTEL},
  title =  {{Emergency Communications (EMTEL); Basis of requirements for communication of individuals with authorities/organizations in case of distress (Emergency call
handling), ETSI TR 102 180 V1.3.1}},
  note = {URL: \url{http://www.etsi.org/deliver/etsi_tr/102100_102199/102180/01.03.01_60/tr_102180v010301p.pdf}},
  month = {sep},
  year = {2011}
}


@manual{TS101470,
  author={EMTEL},
  title =  {{Emergency Communications (EMTEL); Total Conversation Access to Emergency Services, ETSI TS 101 470}},
  note = {URL: \url{http://webapp.etsi.org/workprogram/Frame_WorkItemList.asp?qETSI_NUMBER=101+470}},
  month = {jun},
  year = {2012}
}

@manual{TR103170,
  author={EMTEL},
  title =  {{Emergency Communications (EMTEL); Total Conversation Access to Emergency Services, ETSI TR 103 170}},
  note = {URL: \url{http://webapp.etsi.org/workprogram/Frame_WorkItemList.asp?qETSI_NUMBER=103+170}},
  month = {Jun},
  year = {2012}
}

@manual{TS102900,
  author={EMTEL},
  title =  {{Emergency Communications (EMTEL); European Public Warning System (EU-ALERT) using the Cell Broadcast Service, ETSI TS 102 900 Ver. 1.1.1}},
  note = {URL: \url{http://webapp.etsi.org/workprogram/Frame_WorkItemList.asp?qETSI_NUMBER=102+900}},
  month = {Oct},
  year = {2010}
}


@manual{TS102900revised,
  author={EMTEL},
  title =  {{Emergency Communications (EMTEL); European Public Warning System (EU-ALERT) using the Cell Broadcast Service, ETSI TS 102 900 Ver. 1.2.1}},
  note = {URL: \url{http://webapp.etsi.org/workprogram/Frame_WorkItemList.asp?qETSI_NUMBER=102+900}},
  month = {Jan},
  year = {2012}
}


% ----------- NENA Specifications -------------

@manual{NENA-i1,
  author={NENA},
  title =  {{ESQK Guidelines for VoIP to E9-1-1 Connectivity}},
  note = {NENA 03-507, Version 1},
  month = mar,
  year = {2009}
}


@manual{NENA08-505,
  author={NENA},
  title =  {{Recommended Method(s) for Location Determination to Support IP-Based Emergency Services, Technical Information Document (TID)}},
  note = {NENA 08-505, Issue-1},
  year = {2006}
}

@Manual{NENA-i3-stage1,
  author={NENA},
  title =  {{NENA i3 Technical Requirements Document, Standard number: 08-751 v1}},
  note = {URL: \url{http://www.nena.org/standards/technical/voip/i3-requirements}},
  month = aug, 
  year = 2006
}

@Manual{NENA-i3-stage2,
  author={NENA},
  title =  {{NENA Functional and Interface Standards for Next Generation 9-1-1 Version 1.0 (i3), Standard number: 08-002 v1}},
  note = {URL: \url{http://www.nena.org/standards/technical/voip/functional-interface-NG911-i3}},
  month =dec, 
  year = 2007
}

@Manual{NENA-i3-stage3,
  author={NENA},
  title =  {{Detailed Functional and Interface Standards for the NENA i3 Solution Version 1.0, Standard number: 08-003 v1}},
  note = {URL: \url{http://www.nena.org/standards/technical/i3-solution}},
  month = jun, 
  year = 2011
}

@Manual{NENA-Future-Path-Plan,
  author={NENA},
  title =  {{NENA Future Path Plan - FPP}},
  note = {URL: \url{http://www.nena.org/future-path-plan}}
}

@Manual{NENA-i2,
  author={NENA},
  title={{NENA Interim VoIP Architecture for Enhanced 9-1-1 Services (i2), Standard 08-001}},
  month=dec,
  year = {2005}
}

@Manual{NENA-i2rev2,
  author={NENA},
  title={{NENA Interim VoIP Architecture for Enhanced 9-1-1 Services (i2), Standard 08-001 v2}},
  day=11,
  month=aug,
  year = {2010}
}
% ----------- IEEE/TIA Specifications -------------

@manual{LLDP-MED,
  title={{Telecommunications: IP Telephony Infrastructure: Link Layer Discovery Protocol for Media Endpoint Devices, ANSI/TIA-1057-2006}},
  year = {2006},
  month = {apr}
}
% ----------- IETF Specifications -------------

@manual{rfc6280,
    author = {R. Barnes and M. Lepinski and A. Cooper and  J. Morris and H. Tschofenig and H. Schulzrinne},
    title = {{An Architecture for Location and Location Privacy in Internet Applications}},
  note = {RFC 6280, Internet Engineering Task Force},
    year    = 2011,
    month   = Jul
}}


@manual{rfc1958,
    author = {B. Carpenter},
    title = {{Architectural Principles of the Internet}},
  note = {RFC 1958, Internet Engineering Task Force},
    year    = 1996,
    month   = Jun
}}


@manual{rfc6120,
    author = {P. Saint-Andre},
    title = {{Extensible Messaging and Presence Protocol (XMPP): Core}},
  note = {RFC 6120, Internet Engineering Task Force},
    year    = 2011,
    month   = Mar
}}



@manual{rfc3428,
    author = {B. Campbell and J. Rosenberg and H. Schulzrinne and C. Huitema and  D. Gurle},
    title = {{Session Initiation Protocol (SIP) Extension for Instant Messaging}},
  note = {RFC 3428, Internet Engineering Task Force},
    year    = 2002,
    month   = Dec
}}

@manual{rfc5359,
    author = {A. Johnston and R. Sparks and C. Cunningham and S. Donovan and K. Summers},
    title = {{Session Initiation Protocol Service Examples}},
  note = {RFC 5359, Internet Engineering Task Force},
    year    = 2008,
    month   = Oct
}}

@manual{rfc3841,
    author = {J. Rosenberg and H. Schulzrinne and P. Kyzivat},
    title = {{Caller Preferences for the Session Initiation Protocol (SIP)}},
  note = {RFC 3841, Internet Engineering Task Force},
    year    = 2004,
    month   = Aug
}}


@manual{rfc5194,
    author = {A. van Wijk and G. Gybels},
    title = {{Framework for Real-Time Text over IP Using the Session Initiation Protocol (SIP)}},
  note = {RFC 5194, Internet Engineering Task Force},
    year    = 2008,
    month   = Jun
}}


@manual{rfc3984,
    author = {S. Wenger and M.M. Hannuksela and T. Stockhammer and M. Westerlund and D. Singer},
    title = {{RTP Payload Format for H.264 Video}},
  note = {RFC 6280, Internet Engineering Task Force},
    year    = 2005,
    month   = feb
}}

@manual{rfc5580,
    author = {H. Tschofenig and F. Adrangi and M. Jones and A. Lior and B. Aboba},
    title = {{Carrying Location Objects in RADIUS and Diameter}},
  note = {RFC 5580, Internet Engineering Task Force},
    year    = 2009,
    month   = Aug
}}


@manual{rfc5687,
    author = {H. Tschofenig and H. Schulzrinne},
    title = {{GEOPRIV Layer 7 Location Configuration Protocol: Problem Statement and Requirements}},
  note = {RFC 5687, Internet Engineering Task Force},
    year    = 2010,
    month   = Mar
}}


@manual{rfc5774,
    author = {K. Wolf and A. Mayrhofer},
    title = {{Considerations for Civic Addresses in the Presence Information Data Format Location Object (PIDF-LO): Guidelines and IANA Registry Definition}},
  note = {RFC 5774, Internet Engineering Task Force},
    year    = 2010,
    month   = Mar
}}

@manual{draft-ietf-geopriv-local-civic,
    author = {J. Winterbottom and M. Thomson and R. Barnes and B. Rosen and R. George},
    title = {{Specifying Civic Address Extensions in PIDF-LO}},
  note = {draft-ietf-geopriv-local-civic-09.txt (work in progress), Internet Engineering Task Force},
    year    = 2012,
    month   = Oct
}}


@manual{draft-ietf-ecrit-psap-callback,
    author = {H. Schulzrinne and H. Tschofenig and C. Holmberg and M. Patel},
    title = {{Public Safety Answering Point (PSAP) Callback}},
  note = { draft-ietf-ecrit-psap-callback-06.txt (work in progress), Internet Engineering Task Force},
    year    = 2012,
    month   = Oct
}}




@manual{rfc5582,
    author = {H. Schulzrinne},
    title = {{Location-to-URL Mapping Architecture and Framework}},
  note = {RFC 5582, Internet Engineering Task Force},
    year    = 2009,
    month   = Sep
}}

@manual{rfc6739,
    author = {H. Schulzrinne and H. Tschofenig},
    title = {{Synchronizing Location-to-Service Translation (LoST) Protocol based Service Boundaries and Mapping Elements}},
  note = {RFC 6739, Internet Engineering Task Force},
    year    = 2012,
    month   = Oct
}}



@manual{draft-ietf-rtcweb-overview,
    author = {H. Alvestrand},
    title = {{Overview: Real Time Protocols for Brower-based Applications}},
  note = {draft-ietf-rtcweb-overview-04.txt (work in progress), Internet Engineering Task Force},
    year    = 2012,
    month   = Jun
}}

@manual{rfc4103,
    author = {G. Hellstrom and P. Jones},
    title = {{RTP Payload for Text Conversation}},
  note = {RFC 4103, Internet Engineering Task Force},
    year    = 2005,
    month   = Jun
}}

@manual{rfc3312,
    author = {G. Camarillo and  W. Marshall and J. Rosenberg},
    title = {{Integration of Resource Management and Session Initiation Protocol (SIP)}},
  note = {RFC 3312, Internet Engineering Task Force},
    year    = 2002,
    month   = Oct
}}


@manual{rfc4032,
    author = {G. Camarillo and P. Kyzivat},
    title = {{Update to the Session Initiation Protocol (SIP) Preconditions Framework}},
  note = {RFC 4032, Internet Engineering Task Force},
    year    = 2005,
    month   = Mar
}}

@manual{rfc3263,
    author = {J. Rosenberg and H. Schulzrinne},
    title = {{Session Initiation Protocol (SIP): Locating SIP Servers}},
  note = {RFC 3263, Internet Engineering Task Force},
    year    = 2002,
    month   = Jun
}}

@manual{rfc311,
    author = {J. Rosenberg},
    title = {{The Session Initiation Protocol (SIP) UPDATE Method}},
  note = {RFC 3311, Internet Engineering Task Force},
    year    = 2002,
    month   = Sep
}}

@manual{rfc3986,
    author = {T. Berners-Lee and R. Fielding and L. Masinter},
    title = {{Uniform Resource Identifier (URI): Generic Syntax}},
  note = {RFC 3986, Internet Engineering Task Force},
    year    = 2005,
    month   = Jan
}}

@manual{rfc2784,
    author = {D. Farinacci and  T. Li and  S. Hanks and D. Meyer and P. Traina},
    title = {{Generic Routing Encapsulation (GRE)}},
  note = {RFC 2784, Internet Engineering Task Force},
    year    = 2000,
    month   = Mar
}}

@manual{rfc3264,
    author = {J. Rosenberg and H. Schulzrinne},
    title = {{An Offer/Answer Model with the Session Description Protocol (SDP)}},
  note = {RFC 3264, Internet Engineering Task Force},
    year    = 2002,
    month   = Jun
}}

@manual{rfc3515,
    author = {R. Sparks},
    title = {{The Session Initiation Protocol (SIP) Refer Method}},
  note = {RFC 3515, Internet Engineering Task Force},
    year    = 2003,
    month   = Apr
}}

@manual{rfc3050,
    author = {J. Lennox and H. Schulzrinne and J. Rosenberg},
    title = {{Common Gateway Interface for SIP}},
  note = {RFC 3050, Internet Engineering Task Force},
    year    = 2001,
    month   = Jan
}}


@manual{rfc4571,
    author = {J. Lazzaro},
    title = {{Framing Real-time Transport Protocol (RTP) and RTP Control Protocol (RTCP) Packets over Connection-Oriented Transport}},
  note = {RFC 4571, Internet Engineering Task Force},
    year    = 2006,
    month   = Jul
}}

@manual{rfc2617,
    author = {J. Franks and  P. Hallam-Baker and J. Hostetler and S. Lawrence and P. Leach and A. Luotonen and  L. Stewart},
    title = {{HTTP Authentication: Basic and Digest Access Authentication}},
  note = {RFC 2617, Internet Engineering Task Force},
    year    = 1999,
    month   = Jun
}}

@manual{rfc5246,
    author = {T. Dierks and E. Rescorla},
    title = {{The Transport Layer Security (TLS) Protocol - Version 1.2}},
  note = {RFC 5246, Internet Engineering Task Force},
    year    = 2008,
    month   = Aug
}}

@manual{rfc5764,
    author = {D. McGrew and E. Rescorla},
    title = {{Datagram Transport Layer Security (DTLS) Extension to Establish Keys for the Secure Real-time Transport Protocol (SRTP)}},
  note = {RFC 5764, Internet Engineering Task Force},
    year    = 2010,
    month   = May
}}


@manual{rfc4568,
    author = {F. Andreasen and M. Baugher and D. Wing},
    title = {{Session Description Protocol (SDP) Security Descriptions for Media Streams}},
  note = {RFC 4568, Internet Engineering Task Force},
    year    = 2006,
    month   = Jul
}}

@manual{rfc5763,
    author = {J. Fischl and  H. Tschofenig and E. Rescorla},
    title = {{Framework for Establishing a Secure Real-time Transport Protocol (SRTP) Security Context Using Datagram Transport Layer Security (DTLS)}},
  note = {RFC 5763, Internet Engineering Task Force},
    year    = 2010,
    month   = May
}}

@manual{rfc5479,
    author = {D. Wing and S. Fries and H. Tschofenig and F. Audet},
    title = {{Requirements and Analysis of Media Security Management Protocols}},
  note = {RFC 5479, Internet Engineering Task Force},
    year    = 2009,
    month   = apr
}}


@manual{rfc4572,
    author = {J. Lennox},
    title = {{Connection-Oriented Media Transport over the Transport Layer Security (TLS) Protocol in the Session Description Protocol (SDP)}},
  note = {RFC 4572, Internet Engineering Task Force},
    year    = 2006,
    month   = Jul
}}


@manual{rfc4145,
    author = {D. Yon and G. Camarillo},
    title = {{TCP-Based Media Transport in the Session Description Protocol (SDP)}},
  note = {RFC 4145, Internet Engineering Task Force},
    year    = 2005,
    month   = sep
}}



@manual{rfc3550,
    author = {H. Schulzrinne and S.  Casner and R. Frederick and V. Jacobson},
    title = {{RTP: A Transport Protocol for Real-Time Applications}},
  note = {RFC 3550, Internet Engineering Task Force},
    year    = 2003,
    month   = Jul
}}



@manual{rfc4867,
    author = {J. Sjoberg and M. Westerlund and A. Lakaniemi and Q. Xie},
    title = {{RTP Payload Format and File Storage Format for the Adaptive Multi-Rate (AMR) and Adaptive Multi-Rate Wideband (AMR-WB) Audio Codecs}},
  note = {RFC 4867, Internet Engineering Task Force},
    year    = 2007,
    month   = Apr
}}


@manual{rfc3551,
    author = {H. Schulzrinne and S. Casner},
    title = {{RTP Profile for Audio and Video Conferences with Minimal Control}},
  note = {RFC 3551, Internet Engineering Task Force},
    year    = 2003,
    month   = Jul
}}

@manual{rfc4975,
    author = {B. Campbell and  R. Mahy and C. Jennings},
    title = {{The Message Session Relay Protocol (MSRP)}},
  note = {RFC 4975, Internet Engineering Task Force},
    year    = 2007,
    month   = Sep
}}


@manual{rfc1034,
    author = {P. Mockapetris},
    title = {{DOMAIN NAMES - CONCEPTS AND FACILITIES}},
  note = {RFC 1034, Internet Engineering Task Force},
    year    = 1987,
    month   = nov
}}

@manual{rfc3856,
    author = {J. Rosenberg},
    title = {{A Presence Event Package for the Session Initiation Protocol (SIP)}},
  note = {RFC 3856, Internet Engineering Task Force},
    year    = 2004,
    month   = aug
}}


@manual{rfc3912,
    author = {L. Daigle},
    title = {{WHOIS Protocol Specification}},
  note = {RFC 3912, Internet Engineering Task Force},
    year    = 2004,
    month   = sep
}}


@manual{rfc3711,
    author = {M. Baugher and D. McGrew and M. Naslund and E. Carrara and  K. Norrman},
    title = {{The Secure Real-time Transport Protocol (SRTP)}},
  note = {RFC 3711, Internet Engineering Task Force},
    year    = 2004,
    month   = mar
}}


@manual{rfc3455,
    author = {M. Garcia-Martin and E. Henrikson and D. Mills},
    title = {{Private Header (P-Header) Extensions to the Session Initiation Protocol (SIP) for the 3rd-Generation Partnership Project (3GPP}},
  note = {RFC 3455, Internet Engineering Task Force},
    year    = 2003,
    month   = jan
}}

@manual{rfc1035,
    author = {P. Mockapetris},
    title = {{Domain Names - Implementation and Specification}},
  note = {RFC 1035, Internet Engineering Task Force},
    year    = 1987,
    month   = nov
}}

@manual{draft-ietf-geopriv-res-gw-lis-discovery,
    author = {M. Thomson and R. Bellis},
    title = {{Location Information Server (LIS) Discovery using IP address and Reverse DNS}},
  note = {draft-ietf-geopriv-res-gw-lis-discovery-04 (work in progress), Internet Engineering Task Force},
    year    = 2012,
    month   = Sep
}}



@manual{draft-ietf-ecrit-local-emergency-rph-namespace,
    author = {J. Polk},
    title = {{IANA Registering a SIP Resource Priority Header Field Namespace for Local Emergency Communications}},
  note = {draft-ietf-ecrit-local-emergency-rph-namespace-04 (expired), Internet Engineering Task Force},
    year    = 2010,
    month   = mar
}}


@manual{draft-rosen-ecrit-premature-disconnect-rqmts,
    author = {B. Rosen},
    title = {{Requirements for handling abandoned calls and premature disconnects in emergency calls on the Internet}},
  note = {draft-rosen-ecrit-premature-disconnect-rqmts-02 (expired), Internet Engineering Task Force},
    year    = 2009,
    month   = jan
}}


@manual{rfc6155,
    author = {J. Winterbottom and H. Tschofenig and R. Barnes},
    title = {{Use of Device Identity in HTTP-Enabled Location Delivery (HELD)}},
  note = {RFC 6155, Internet Engineering Task Force},
    year    = 2011,
    month   = mar
}}

@manual{rfc3863,
    author = {H. Sugano and S. Fujimoto and G. Klyne and A. Bateman and W. Carr and J. Peterson},
    title = {{Presence Information Data Format (PIDF)}},
  note = {RFC 3863, Internet Engineering Task Force},
    year    = 2004,
    month   = Aug
}}

@manual{rfc5389,
    author = {J. Rosenberg and R. Mahy and P. Matthews and D. Wing},
    title = {{Session Traversal Utilities for NAT (STUN)}},
  note = {RFC 5389, Internet Engineering Task Force},
    year    = 2008,
    month   = Oct
}}

@manual{rfc4279,
    author = {P. Eronen and H. Tschofenig},
    title = {{Pre-Shared Key Ciphersuites for Transport Layer Security (TLS)}},
  note = {RFC 4279, Internet Engineering Task Force},
    year    = 2005,
    month   = dec
}}

@manual{rfc2716,
    author = {B. Aboba and D. Simon},
    title = {{PPP EAP TLS Authentication Protocol}},
  note = {RFC 2716, Internet Engineering Task Force},
    year    = 1999,
    month   = oct
}}

@manual{rfc4282,
    author = {B. Adoba and M. Beadless and J. Arkko and P. Eronen},
    title = {{The Network Access Identifier}},
  note = {RFC 4282, Internet Engineering Task Force},
    year    = 2005,
    month   = dec
}}

@manual{rfc2865,
    author = {C. Rigney and S. Willens and A. Rubens and W. Simpson},
    title = {{Remote Authentication Dial In User Service (RADIUS)}},
  note = {RFC 2865, Internet Engineering Task Force},
    year    = 2000,
    month   = jun
}}

@manual{rfc3588,
    author = {P. Calhoun and J. Loughney and E. Guttman and G. Zorn and J. Arkko},
    title = {{Diameter Base Protocol}},
  note = {RFC 3588, Internet Engineering Task Force},
    year    = 2003,
    month   = sep
}}

@manual{rfc3748,
    author = {B. Aboba and L. Blunk and J. Vollbrecht and J. Carlson and H. Levkowetz},
    title = {{Extensible Authentication Protocol (EAP)}},
  note = {RFC 3748, Internet Engineering Task Force},
    year    = 2004,
    month   = jun
}}

@manual{draft-ietf-geopriv-held-measurements,
    author = {M. Thomson and J. Winterbottom},
    title = {{Using Device-provided Location-Related Measurements in Location Configuration Protocols}},
  note = {draft-ietf-geopriv-held-measurements-05 (work in progress), Internet Engineering Task Force},
    year    = 2012,
    month   = jul
}}


@manual{draft-ietf-geopriv-flow-identity,
    author = {R. Bellis},
    title = {{Flow Identity Extension for HELD}},
  note = {draft-ietf-geopriv-flow-identity-00 (work in progress), Internet Engineering Task Force},
    year    = 2012,
    month   = sep
}}


@manual{draft-thomson-geopriv-held-capabilities,
    author = {M. Thomson and J. Winterbottom and M. Barnes},
    title = {{Device Capability Negotiation for Device-Based Location Determination and Location Measurements in HELD}},
  note = {draft-thomson-geopriv-held-capabilities-09 (expired), Internet Engineering Task Force},
    year    = 2011,
    month   = mar
}}


@manual{draft-thomson-geopriv-wimax-measurements,
    author = {M. Thomson and J. Winterbottom},
    title = {{Location Measurements for IEEE 802.16e Devices}},
  note = {draft-thomson-geopriv-wimax-measurements-04 (expired), Internet Engineering Task Force},
    year    = 2010,
    month   = jul
}}


@manual{draft-ietf-geopriv-policy-uri,
    author = {R. Barnes and M. Thomson and J. Winterbottom and H. Tschofenig},
    title = {{Location Configuration Extensions for Policy Management}},
  note = {draft-ietf-geopriv-policy-uri-07 (work in progress), Internet Engineering Task Force},
    year    = 2012,
    month   = Oct
}}

@manual{draft-ietf-geopriv-dhcp-lbyr-uri-option,
    author = {J. Polk},
    title = {{Dynamic Host Configuration Protocol (DHCP) IPv4 and IPv6 Option for a Location Uniform Resource Identifier (URI)}},
  note = {draft-ietf-geopriv-dhcp-lbyr-uri-option-15 (work in progress), Internet Engineering Task Force},
    year    = 2012,
    month   = may
}}

@manual{draft-tschofenig-cc-workshop-report,
    author = {H. Tschofenig and L. Eggert and Z. Sarker},
    title = {{Report from the IAB/IRTF Workshop on Congestion Control for Interactive Real-Time Communication}},
  note = {draft-tschofenig-cc-workshop-report-00 (work in progress), Internet Engineering Task Force},
    year    = 2012,
    month   = Oct
}}

@manual{rfc4745,
    title = {{Common Policy: A Document Format for Expressing Privacy Preferences}},
    author = {H. Schulzrinne and H. Tschofenig and J. Morris and J. Cuellar and J. Polk and J. Rosenberg},
  note = {RFC 4745, Internet Engineering Task Force},
    month   = Feb,
    year    = 2007
}}

@manual{rfc6753,
    author = {J. Winterbottom and H. Tschofenig and H. Schulzrinne and M. Thomson},
    title = {{A Location Dereference Protocol Using HTTP-Enabled Location Delivery (HELD)}},
  note = {RFC 6753, Internet Engineering Task Force},
    year    = 2012,
    month   = Oct
}}

@manual{rfc4119,
  author={J. Peterson},
  title={{A Presence-based GEOPRIV Location Object Format}},
  note = {RFC 4119, Internet Engineering Task Force},
  month=dec,
  year={2005}
}

@manual{rfc5808,
  author={ R. Marshall},
  title={{Requirements for a Location-by-Reference Mechanism}},
  note = {RFC 5808, Internet Engineering Task Force},
  month=may,
  year={2010}
}

@manual{rfc3315,
AUTHOR={R. E. Droms and I. W. Ed. and Jim Bound and B. Volz and Todd Lemon and Charles E. Perkins and Megan Carney},
TITLE={{Dynamic Host Configuration Protocol for IPv6 (DHCPv6)}},
  note = {RFC 3315, Internet Engineering Task Force},
MONTH=jul,
YEAR=2003
}

@manual{rfc2131,
AUTHOR={R. Droms},
TITLE={{Dynamic Host Configuration Protocol}},
  note = {RFC 2131, Internet Engineering Task Force},
MONTH=mar,
YEAR=1997
}

@manual{rfc3825,
  author={J. Polk and J. Schnizlein and M. Linsner},
  title={{Dynamic Host Configuration Protocol Option for Coordinate-based Location Configuration Information}},
  note = {RFC 3825, Internet Engineering Task Force},
  month=jul,
  year={2004}
}

@manual{rfc2818,
  author={E. Rescorla},
  title={{HTTP Over TLS}},
  note = {RFC 2818, Internet Engineering Task Force},
  month=may,
  year={2000}
}

@manual{rfc4033,
  author={R. Arends and R. Austein and  M. Larson and  D. Massey and S. Rose},
  title={{DNS Security Introduction and Requirements}},
  note = {RFC 4033, Internet Engineering Task Force},
  month=mar,
  year={2005}
}


@manual{rfc3833,
AUTHOR={D. Atkins and R. Austein},
TITLE={{Threat Analysis of the Domain Name System (DNS)}},
note = {RFC 3833, Internet Engineering Task Force},
MONTH=aug,
YEAR={2004}
}


@manual{rfc3958,
AUTHOR={L. Daigle and A. Newton},
TITLE={{Domain-Based Application Service Location Using SRV RRs and the Dynamic Delegation Discovery Service (DDDS)}},
note = {RFC 3958, Internet Engineering Task Force},
MONTH=jan,
YEAR={2005}
}

@manual{rfc5986,
AUTHOR={M. Thomson and J. Winterbottom},
TITLE={{Discovering the Local Location Information Server (LIS)}},
note = {RFC 5986, Internet Engineering Task Force},
MONTH=sep,
YEAR={2010}
}

@manual{rfc4848,
AUTHOR={L. Daigle},
TITLE={{Domain-Based Application Service Location Using URIs and the Dynamic Delegation Discovery Service (DDDS)}},
note = {RFC 4848, Internet Engineering Task Force},
MONTH=apr,
YEAR={2007}
}

@manual{rfc3046,
AUTHOR={M. Patrick},
TITLE={{DHCP Relay Agent Information Option}},
note = {RFC 3046, Internet Engineering Task Force},
MONTH=jan,
YEAR={2001}
}

@manual{rfc6225,
  author={J. Polk and M. Linsner and M. Thomson and B. Aboba},
  title={{Dynamic Host Configuration Protocol Option for Coordinate-based Location Configuration Information}},
  note = {RFC 6225, Internet Engineering Task Force},
  month=jul,
  year={2011}
}


@manual{IANA-held-parameters,
  author={IANA},
  title={{Geopriv HTTP Enabled Location Delivery (HELD) Parameters Registy}},
  note = {URL: \url{http://www.iana.org/assignments/held-parameters/held-parameters.xhtml}},
  month=sep,
  year={2009}
}

@manual{IANA-method-token,
  author={IANA},
  title={{PIDF-LO Method Tokens Registry}},
  note = {URL: \url{http://www.iana.org/assignments/method-tokens/method-tokens.xhtml}},
  month=nov,
  year={2004}
}

@manual{rfc4776,
  author={H. Schulzrinne},
  title={{Dynamic Host Configuration Protocol (DHCPv4 and DHCPv6) Option for Civic Addresses Configuration Information}},
  note = {RFC 4776, Internet Engineering Task Force},
  month=nov,
  year={2006}
}

@manual{rfc3311,
  author={J. Rosenberg},
  title={{The Session Initiation Protocol (SIP) UPDATE Method}},
  note = {RFC 3311, Internet Engineering Task Force},
  month=sep,
  year={2002}
}

@manual{rfc6116,
  author={S. Bradner and L. Conroy and K. Fujiwara},
  title={{The E.164 to Uniform Resource Identifiers (URI) Dynamic Delegation Discovery System (DDDS) Application (ENUM)}},
  note = {RFC 6116, Internet Engineering Task Force},
  month=Mar,
  year={2011}
}


@manual{rfc5012,
  author = {H. Schulzrinne and R. Marshall},
  title = {{Requirements for Emergency Context Resolution with Internet Technologies}},
  note = {RFC 5012, Internet Engineering Task Force},
  month = jan,
  year = {2008}
}

@manual{rfc5139,
  author={M. Thomson and J. Winterbottom},
  title={{Revised Civic Location Format for Presence Information Data Format Location Object (PIDF-LO)}},
  note = {RFC 5139, Internet Engineering Task Force},
  month=feb,
  year={2008}
}

@manual{rfc4589,
  author={H. Schulzrinne and H. Tschofenig},
  title={{Location Types Registry}},
  note = {RFC 4589, Internet Engineering Task Force},
  month=jul,
  year={2006}
}

@manual{rfc5222,
  author = {T. Hardie and A. Newton and H. Schulzrinne and H. Tschofenig},
  title = {{LoST: A Location-to-Service Translation Protocol}},
  note = {RFC 5222, Internet Engineering Task Force},
  month = aug,
  year = {2008}
}

@manual{rfc5491,
  author={J. Winterbottom and M. Thomson and H. Tschofenig},
  title={{GEOPRIV Presence Information Data Format Location Object (PIDF-LO) Usage Clarification, Considerations, and Recommendations}},
  note = {RFC 5491, Internet Engineering Task Force},
  month=mar,
  year = {2009}
}

@manual{rfc5985,
  author={M. Barnes},
  title={{HTTP-Enabled Location Delivery (HELD)}},
  note = {RFC 5985, Internet Engineering Task Force},
  month=sep, 
  year={2010}
}

@manual{rfc6444,
  author = {H. Schulzrinne and L. Liess and H. Tschofenig and B. Stark and A. Kuett},
  title = {{Location Hiding: Problem Statement and Requirements}},
  note = {RFC 6444, Internet Engineering Task Force},
  month = jan,
  year = {2012}
}


@manual{rfc6443,
  author = {B. Rosen and H. Schulzrinne and J. Polk and A. Newton},
  title = {{Framework for Emergency Calling Using Internet Multimedia}},
  note = {RFC 6443, Internet Engineering Task Force},
  month = dec,
  year = {2011}
}

@manual{draft-ietf-ecrit-additional-data,
  author = {B. Rosen and H. Tschofenig and R. Marshall},
  title = {{Additional Data related to an Emergency Call}},
  note = { draft-ietf-ecrit-additional-data-05.txt  (work in progress), Internet Engineering Task Force},
  month = Oct,
  year = {2012}
}

@manual{draft-ietf-ecrit-data-only-ea,
  author = {B. Rosen and H. Schulzrinne and H. Tschofenig},
  title = {{Data-Only Emergency Calls}},
  note = {draft-ietf-ecrit-data-only-ea-04.txt  (work in progress), Internet Engineering Task Force},
  month = Nov,
  year = {2012}
}

@manual{draft-ietf-ecrit-trustworthy-location,
  author = {H. Tschofenig and H. Schulzrinne and B. Aboba},
  title = {{Trustworthy Location Information}},
  note = {draft-ietf-ecrit-trustworthy-location-04.txt  (work in progress), Internet Engineering Task Force},
  month = Oct,
  year = {2012}
}

@manual{draft-ietf-ecrit-rough-loc,
  author = {R. Barnes and M. Lepinski},
  title = {{Using Imprecise Location for Emergency Context Resolution}},
  note = {draft-ietf-ecrit-rough-loc-05   (work in progress), Internet Engineering Task Force},
  month = Jul,
  year = {2012}
}



@manual{draft-ietf-ecrit-phonebcp,
  author = {B. Rosen and J. Polk},
  title = {{Best Current Practice for Communications Services in support of Emergency Calling}},
  note = {draft-ietf-ecrit-phonebcp-20 (work in progress), Internet Engineering Task Force},
  month=sep,
  year = {2011}
}


@manual{rfc4347,
  author = {E. Rescorla and N. Modadugu},
  title = {{Datagram Transport Layer Security}},
  note = {RFC 4347, Internet Engineering Task Force},
  month = apr,
  year = {2006}
}


@manual{rfc3966,
  author = {H. Schulzrinne},
  title = {{The tel URI for Telephone Numbers}},
  note = {RFC 3966, Internet Engineering Task Force},
  month = dec,
  year = {2004}
}

@manual{rfc3325,
  author = {C. Jennings and J. Peterson and M. Watson},
  title = {{Private Extensions to the Session Initiation Protocol (SIP) for Asserted Identity within Trusted Networks}},
  note = {RFC 3325, Internet Engineering Task Force},
  month = nov,
  year = {2002}
}



@manual{rfc5031,
  author = {H. Schulzrinne},
  title = {{A Uniform Resource Name (URN) for Emergency and Other Well-Known Services}},
  note = {RFC 5031, Internet Engineering Task Force},
  month = jan,
  year = {2008}
}

@manual{rfc5069,
  author = {T. Taylor and H. Tschofenig and H. Schulzrinne and M. Shanmugam},
  title = {{Security Threats and Requirements for Emergency Call Marking and Mapping}},
  note = {RFC 5069, Internet Engineering Task Force},
  month = jan,
  year = {2008}
}
 
@manual{rfc5223,
  author = {H. Schulzrinne and J. Polk and H. Tschofenig},
  title = {{Discovering Location-to-Service Translation (LoST) Servers Using the Dynamic Host Configuration Protocol (DHCP)}},
  note = {RFC 5223, Internet Engineering Task Force},
  month = aug,
  year = {2008}
}
 

@manual{rfc6442,
  author = {J. Polk and B. Rosen},
  title = {{Location Conveyance for the Session Initiation Protocol}},
  note = {RFC 6442, Internet Engineering Task Force},
  year = {2011},
  month = dec
}

@manual{rfc5964,
  author = {H. Schulzrinne},
  title = {{Specifying Holes in Location-to-Service Translation (LoST) Service Boundaries}},
  note = {RFC 5964, Internet Engineering Task Force},
  month = aug,
  year = {2010}
}

@manual{rfc6197,
  author = {K. Wolf},
  title = {{Location-to-Service Translation (LoST) Service List Boundary Extension}},
  note = {RFC 6197, Internet Engineering Task Force},
  month = apr,
  year = {2011}
}

@manual{rfc3265,
  author = {A. Roach},
  title = {{Session Initiation Protocol (SIP)-Specific Event Notification}},
  note = {RFC 3265, Internet Engineering Task Force},
  month = jun,
  year = {2002}
}
@manual{rfc4967,
  author = {B. Rosen},
  title = {{Dial String Parameter for the Session Initiation Protocol Uniform
	Resource Identifier}},
  note = {RFC 4967 (Proposed Standard)},
  month = jul,
  year = {2007}
}

@manual{draft-ietf-ecrit-unauthenticated-access,
    author = {H. Schulzrinne and S. McCann and G. Bajko and H. Tschofenig and D. Kroeselberg},
    title = {{Extensions to the Emergency Services Architecture for dealing with Unauthenticated and Unauthorized Devices}},
  note = {draft-ietf-ecrit-unauthenticated-access-05 (work in progress), Internet Engineering Task Force},
    year    = 2012,
    month   = Sep
}}


@manual{draft-aboba-rtcweb-ecrit,
    author = {B. Aboba and M. Thomson},
    title = {{Emergency Services Support in WebRTC}},
  note = {draft-aboba-rtcweb-ecrit-00 (work in progress), Internet Engineering Task Force},
    year    = 2012,
    month   = jun
}}

@manual{draft-rosen-geopriv-pidf-interior,
    author = {B. Rosen},
    title = {{Interior Location in the Presence Information Data Format - Location Object}},
  note = {draft-rosen-geopriv-pidf-interior-01 (expired), Internet Engineering Task Force},
    year    = 2010,
    month   = Mar
}}


@manual{draft-tschofenig-ecrit-xmpp-es,
    author = {H. Tschofenig},
    title = {{Emergency Services Functionality with the Extensible Messaging and Presence Protocol (XMPP)}},
  note = {draft-tschofenig-ecrit-xmpp-es-00 (work in progress), Internet Engineering Task Force},
    year    = 2012,
    month   = mar
}}

@manual{RFC6447,
    author = {R. Mahy and B. Rosen and H. Tschofenig},
    title = {{Filtering Location Notifications in the Session Initiation Protocol (SIP)}},
  note = {RFC 6447, Internet Engineering Task Force},
    year    = 2012,
    month   = jan
}}


@manual{RFC6446,
    author = {A. Niemi and K. Kiss and S. Loreto},
    title = {{Session Initiation Protocol (SIP) Event Notification Extension for Notification Rate Control}},
  note = {RFC 6446, Internet Engineering Task Force},
    year    = 2012,
    month   = jan
}}

@manual{rfc3022,
  author = {P. Srisuresh and K. Egevang},
  title = {{Traditional IP Network Address Translator (Traditional NAT)}},
  note = {RFC 3022, Internet Engineering Task Force},
  month = jan,
  year = {2001}
}


@manual{rfc3118,
  author = {R. Droms and W. Arbaugh},
  title = {{Authentication for DHCP Messages}},
  note = {RFC 3118, Internet Engineering Task Force},
  month = jun,
  year = {2001}
}

@manual{rfc4474,
  author = {J. Peterson and C. Jennings},
  title = {{Enhancements for Authenticated Identity Management in the Session Initiation Protocol (SIP)}},
  note = {RFC 4474, Internet Engineering Task Force},
  month = Aug,
  year = {2006}
}

@manual{rfc4566,
  author = {M. Handley and V. Jacobson and C. Perkins},
  title = {{SDP: Session Description Protocol}},
  note = {RFC 4566, Internet Engineering Task Force},
  month = jul,
  year = {2006}
}

@manual{rfc3261,
  author = {J. Rosenberg and H. Schulzrinne and G. Camarillo and A. Johnston and J. Peterson and R. Sparks and M. Handley and E. Schooler},
  title = {{SIP: Session Initiation Protocol}},
  note = {RFC 3261, Internet Engineering Task Force},
  month = jun,
  year = {2002}
}

% ----------- Organizations -------------


@Manual{ARIN,
  title =  {{American Registry for Internet Numbers (ARIN)}}, 
  note = {URL: \url{http://www.arin.net}}
}

@Manual{WiMAX,
  title =  {{WiMAX Forum}},
  note = {URL: \url{http://www.wimaxforum.org}}
}

@Manual{ECMA,
  title =  {{European Computer Manufacturers Association (ECMA)}},
  note = {URL: \url{http://www.ecma-international.org}}
}

@Manual{NENA,
  title =  {{National Emergency Number Association (NENA)}},
  note = {URL: \url{http://www.nena.org}}
}

@Manual{ATIS,
  title =  {{Alliance for Telecommunications Industry Services (ATIS)}},
  note = {URL: \url{http://www.atis.org}}
}

@Manual{OGC,
  title =  {{Open Geospatial Consortium  (OGC)}},
  note = {URL: \url{http://www.opengeospatial.org}}
}


@Manual{CableLabs,
  title =  {{CableLabs}},
  note = {URL: \url{http://www.cablelabs.com/}}
}

@Manual{BroadbandForum,
  title =  {{Broadband Forum}},
  note = {URL: \url{http://www.broadband-forum.org/}}
}

@Manual{EENA,
  title =  {{European Emergency Number Association (EENA)}},
  note = {URL: \url{http://www.eena.org}}
}

@Manual{ISO,
  title =  {{International Organization for Standardization (ISO)}},
  note = {URL: \url{http://www.iso.org}}
}

@Manual{OASIS,
  title =  {{Organization for the Advancement of Structured Information Standards (OASIS)}},
  note = {URL: \url{http://www.oasis-open.org}}
}

@Manual{IETF,
  title =  {{Internet Engineering Task Force (IETF)}},
  note = {URL: \url{http://www.ietf.org}}
}

@Manual{3GPP,
  title =  {{3rd Generation Partnership Project (3GPP)}},
  note = {URL: \url{http://www.3gpp.org/}}
}

@Manual{OMA,
  title =  {{Open Mobile Alliance (OMA)}},
  note = {URL: \url{http://www.openmobilealliance.org}}
}

@Manual{e911institute,
  title =  {{NG9-1-1 Institute}},
  note = {URL: \url{http://www.e911institute.org}}
}

@Manual{geopriv-wg,
  title =  {{IETF Geographic Location/Privacy (geopriv) Working Group}},
  note = {URL: \url{http://datatracker.ietf.org/wg/geopriv/charter/}}
}

@Manual{ecrit-wg,
  title =  {{IETF Emergency Context Resolution with Internet Technologies (ecrit) Working Group}},
  note = {URL: \url{http://datatracker.ietf.org/wg/ecrit/charter/}}
}

@Manual{sipcore-wg,
  title =  {{IETF Session Initiation Protocol Core (sipcore) Working Group}},
  note = {URL: \url{http://datatracker.ietf.org/wg/sipcore/charter/}}
}

@Manual{NICC,
  title = {{Network Interoperability Consultative Committee (NICC) Standards Limited}},
  note = {URL: \url{http://www.niccstandards.org.uk/}}
}

% ----------- Misc -------------

@manual{swatters,
  author={C. Mayville},
  title={{911 Swatters Cost Thousands, Endanger Lives}},
  note = {URL: \url{http://www.govtech.com/security/911-Swatters-Cost-Thousands-Endanger-Lives.html}}, 
  month= feb,
  year = 2009
}

@manual{fbi,
  author={FBI}, 
  title = {{Don't Make the Call - The New Phenomenon of 'Swatting'}},
  note = {URL: \url{http://www.fbi.gov/page2/feb08/swatting020408.html}},
  day = 4,
  month=feb,
  year = 2008
}

@Manual{location-type-registry-iana,
  author = {IANA},
  title = {{Location Types Registry}},
  note = {URL: \url{http://www.iana.org/assignments/location-type-registry/}}
}

@manual{XEP-0080,
    author = {J. Hildebrand and P. Saint-Andre},
    title = {{XEP-0080: User Location}},
  note = {URL: \url{http://xmpp.org/extensions/xep-0080.html}, Draft Standard of the XMPP Standards Foundation},
    year    = 2009,
    month   = Sep
}}

@manual{CR-geolocation-API-20100907,
    author = {A. Popescu},
    title = {{W3C Geolocation API Specification}},
  note = {URL: \url{http://www.w3.org/TR/2010/CR-geolocation-API-20100907/}, W3C Candidate Recommendation},
    year    = 2010,
    month   = Sep
}}

@Manual{USDOT-NG911,
  title = {{US Department of Transportation Next Generation 9-1-1 Project Website}},
  note = {URL: \url{http://www.its.dot.gov/ng911/}}
}

@Manual{ETSI-PUBS,
  title = {{ETSI Publications Download Area}},
  note = {URL: \url{http://pda.etsi.org/pda/queryform.asp}}
}


@Manual{vic,
  title = {{vic - Video Conferencing Tool}},
  note = {URL: \url{http://ee.lbl.gov/vic/}}
}

@Manual{PostgreSQL,
  title = {{PostgreSQL}},
  note = {URL:  \url{http://www.postgresql.org/}}
}

@Manual{PostGIS,
  title = {{PostGIS}},
  note = {URL: \url{http://postgis.refractions.net/}}
}

@Manual{CINEMA,
  title = {{CINEMA: Columbia InterNet Extensible Multimedia Architecture}},
  note = {URL: \url{http://www.cs.columbia.edu/irt/cinema/}}
}

@Manual{JAIN-SIP,
  title = {{JAIN SIP - Java API for SIP Signaling}},
  note = {URL: \url{https://jain-sip.dev.java.net/}}
}

@Manual{ccRTP,
  title = {{GNU ccRTP}},
  note = {URL: \url{http://www.gnu.org/software/ccrtp/}}
}

@Manual{FFmpeg,
  title = {{FFmpeg}},
  note = {URL: \url{http://ffmpeg.org/}}
}

@article {springerlink:10.1007/s10550-005-0013-6,
   author = {Galbraith, R. and Turnbull, J. and Dearnaley, R. and Hart, J. and Nolde, K.},
   title = {{Do we need quality of service in the customer environment?}},
   journal = {BT Technology Journal},
   publisher = {Springer Netherlands},
   issn = {1358-3948},
   keyword = {Engineering},
   pages = {146-159},
   volume = {23},
   issue = {2},
   note = {URL: \url{http://dx.doi.org/10.1007/s10550-005-0013-6}},
   year = {2005}
}

@INPROCEEDINGS{Wu04sipc,
    author = {Xiaotao Wu and Henning Schulzrinne},
    title = {{sipc, a multi-function SIP user agent}},
    booktitle = {In 7th IFIP/IEEE International Conference, Management of Multimedia Networks and Services (MMNS},
    year = {2004},
    pages = {269--281},
    publisher = {IFIP/IEEE, Springer}
}

@Manual{google-maps,
  author={Google},
  title =  {{Google Maps API}}, 
  note = {URL: \url{http://code.google.com/apis/maps/}}
}

@Manual{openEPC,
  author={Fraunhofer FOKUS},
  title =  {{Open Evolved Packet Core}}, 
  note = {URL: \url{http://www.openepc.net/}}
}

@Manual{REACH112,
  author={REACH112},
  title =  {{REsponding to All Citizens needing Help (REACH112) Project Website}}, 
  note = {URL: \url{http://www.reach112.eu}}
}

@Manual{google-maps-api,
  author={Google},
  title =  {{Geocoding Service from Google Maps API}}, 
  note = {URL: \url{http://code.google.com/apis/maps/documentation/geocoding/index.html}}
}

@Manual{openimscore,
  author={Fraunhofer FOKUS},
  title =  {{Open IMS Core Home Page}}, 
  note = {URL: \url{http://openimscore.org/}}
}

@Manual{openimscore-install,
  author={Fraunhofer FOKUS},
  title =  {{Installation Guide for the Emergency Branch of the Open IMS Core}}, 
  note = {URL: \url{http://openimscore.org/emergency_installation_guide}}
}

@Manual{monster,
  author={Fraunhofer FOKUS},
  title =  {{myMONSTER (Multimedia Open InterNet Services and Telecommunication EnviRonment)}}, 
  note = {URL: \url{http://www.monster-the-client.org/}}
}

@Manual{NMEA,
  author={NMEA},
  title =  {{National Marine Electronics Association (NMEA) Standard 0183 V 3.01}}, 
  note = {URL: \url{http://www.nmea.org/content/nmea_standards/nmea_083_v_400.asp}}, 
  month=Jan, 
  year="2002"
}

@Manual{peace,
  author={PEACE},
  title =  {{IP-Based Emergency Applications and ServiCes for Next Generation Networks (PEACE) Project Webpage}}, 
  note = {URL: \url{http://www.ict-peace.eu}}
}


@Manual{EU-112,
  author={European Commission},
  title =  {{112 - The European Emergency Number}}, 
  note = {URL: \url{http://www.112.eu}}
}


@Manual{ERC-Finland,
  author={Emergency Response Center Administration Finland},
  title =  {{Wireless E9-1-1 Phase 2 Stage 1 Technical Specification Recommendation Version 1.3}}, 
  note = {URL: \url{http://www.112.fi}}
}


@Manual{CRTC2009,
  author={CRTC},
  title =  {{CRTC Communications Monitoring Report\textsuperscript{\copyright}}},
  month = Aug,
  year = 2009, 
  note = {URL: \url{http://www.crtc.gc.ca/eng/publications/reports/policymonitoring/2009/cmr.htm}}
}

@Manual{CRTC2012,
  author={CRTC},
  title =  {{CRTC Communications Monitoring Report\textsuperscript{\copyright}}},
  year = 2012, 
  month=Sep,
  note = {URL: \url{http://www.crtc.gc.ca/eng/publications/reports/policymonitoring/2012/cmr.htm}}
}

@Manual{CRTC2009-194,
  author={CRTC},
  title =  {{Telecom Notice of Consultation CRTC 2009-194\textsuperscript{\copyright}}},
  year = 2009, 
  month = Apr,
  note = {URL: \url{http://www.crtc.gc.ca/eng/archive/2009/2009-194.htm}}
}

@Manual{CRTC1997,
  author={CRTC},
  title =  {{Telecom Decision CRTC 97-8\textsuperscript{\copyright}}},
 month=may,
  year = 1997, 
  note = {URL: \url{http://crtc.gc.ca/eng/archive/1997%5CDT97-8.htm}}
}

@Manual{Wireless-E9-1-1-Phase2,
  author={Canadian Radio - Television and Telecommunications Commission},
  title =  {{Wireless E9-1-1 Phase 2 Stage 1 Technical Specification Recommendation Version 1.4\textsuperscript{\copyright}}},
  note = {URL: \url{http://www.crtc.gc.ca/public/cisc/items/ESRE0047.pdf}},
  month = May,
  year = 2009
}


@Manual{CRTC2003-53,
  author={CRTC},
  title =  {{Telecom Decision CRTC 2003-53\textsuperscript{\copyright}}},
 month=Aug,
  year = 2003, 
  note = {URL: \url{http://www.crtc.gc.ca/eng/archive/2003/dt2003-53.htm}}
}

@Manual{CRTC2009-40,
  author={CRTC},
  title =  {{Telecom Decision CRTC 2009-40\textsuperscript{\copyright}}},
 month=Feb,
  year = 2009, 
  note = {URL: \url{http://www.crtc.gc.ca/eng/archive/2009/2009-40.htm}}
}

@Manual{CRTC2008-8,
  author={CRTC},
  title =  {{Telecom Decision CRTC 2008-8\textsuperscript{\copyright}}},
 month=Jun,
  year = 2008, 
  note = {URL: \url{http://www.crtc.gc.ca/eng/archive/2008/pt2008-8.htm}}
}

@Manual{CRTC2005-21,
  author={CRTC},
  title =  {{Telecom Decision CRTC 2005-21\textsuperscript{\copyright}}},
 month=Apr,
  year = 2005, 
  note = {URL: \url{http://www.crtc.gc.ca/eng/archive/2005/dt2005-21.htm}}
}

@Manual{CRTC2010-387,
  author={CRTC},
  title =  {{Telecom Decision CRTC 2010-387\textsuperscript{\copyright}}},
 month=Jun,
  year = 2010, 
  note = {URL: \url{http://www.crtc.gc.ca/eng/archive/2010/2010-387.htm}}
}

@Manual{CRTC2004-2,
  author={CRTC},
  title =  {{Telecom Public Notice CRTC 2004-2\textsuperscript{\copyright}}},
  month=Apr,
  year = 2004,
  note = {URL: \url{http://www.crtc.gc.ca/eng/archive/2004/pt2004-2.htm}}
}

@Manual{CRTC2005-61,
  author={CRTC},
  title =  {{Telecom Decision CRTC 2005-61\textsuperscript{\copyright}}},
 month=Oct,
  year = 2005, 
  note = {URL: \url{http://www.crtc.gc.ca/eng/archive/2005/dt2005-61.htm}}
}

@Manual{CRTC2006-60,
  author={CRTC},
  title =  {{Telecom Decision CRTC 2006-60\textsuperscript{\copyright}}},
 month=Sep,
  year = 2006, 
  note = {URL: \url{http://www.crtc.gc.ca/eng/archive/2006/dt2006-60.htm}}
}

@Manual{CRTC2007-44,
  author={CRTC},
  title =  {{Telecom Decision CRTC 2007-44\textsuperscript{\copyright}}},
 month=Jun,
  year = 2007, 
  note = {URL: \url{http://www.crtc.gc.ca/eng/archive/2007/dt2007-44.htm}}
}

@Manual{CRTC2007-125,
  author={CRTC},
  title =  {{Telecom Decision CRTC 2007-125\textsuperscript{\copyright}}},
 month=Dec,
  year = 2007, 
  note = {URL: \url{http://www.crtc.gc.ca/eng/archive/2007/dt2007-125.htm}}
}

@Manual{CRTC2011-426,
  author={CRTC},
  title =  {{Telecom Decision CRTC 2011-426\textsuperscript{\copyright}}},
 month=Jul,
  year = 2011, 
  note = {URL: \url{http://www.crtc.gc.ca/eng/archive/2011/2011-426.htm}}
}

@Manual{CRTC2012-2015,
  author={CRTC},
  title =  {{CRTC Three-Year Plan 2012-2015\textsuperscript{\copyright}}},
  note = {URL: \url{http://www.crtc.gc.ca/eng/backgrnd/plan2012.htm}}
}



@Manual{OGP.Geodesy,
  title =  {{International Association of Oil \& Gas Producers (OGP) Geodesy Resources, Geomatics Committee}},
  note = {URL: \url{http://info.ogp.org.uk/geodesy/}}
}

@Manual{WGS84,
  author={US National Imagery and Mapping Agency},
  title =  {{Department of Defense (DoD) World Geodetic System 1984 (WGS 84), Third Edition, Admendment 1,  NIMA TR8350.2}},
  note = {URL: \url{http://earth-info.nga.mil/GandG/publications/tr8350.2/wgs84fin.pdf}},
  month=jan, 
  year={2000}
}

@manual{IPLocation,
  author={M. Dawson and J. Winterbottom and M. Thomson},
  title =  {{IP Location}},
  note = {McGraw-Hill Osbourne,  ISDN-13: 978-0072263770},
  month=nov,
  year = {2006}
}

@Manual{CRTC-case,
  author={C. Metz},
  title ={{Canadian toddler dies after VOIP 911 call; Ambulance dispatched to wrong city}},
  note = {URL: \url{http://www.theregister.co.uk/2008/05/06/crtc_investigates_failed_911_call/}}, 
  day = {6}, 
  month={may}, 
  year={2008}
}

@manual{NICC1638,
  author={NICC},
  title =  {{VOIP - Location for Emergency Calls (Architecture), NICC ND 1638 Issue 1.1.2}},
  note = {URL: \url{http://www.niccstandards.org.uk/files/current/ND1638%20V1.1.2.pdf}},
  month=mar,
  year = {2010}
}

@manual{IC36-8-16.5,
  author={Indiana General Assembly},
  title =  {{Indiana Code IC Title 36, Article 8, Chapter 16.5 Enhanced Wireless Emergency Telephone Service}},
  note = {URL: \url{http://www.in.gov/legislative/ic/2010/title36/ar8/ch16.5.html}},
  year = {2010}
}

@manual{ZapClient,
  author={K.H. Wolf},
  title =  {{Mozilla SIP Client Zap with Emergency Services Extensions}},
  note = {URL: \url{http://ecrit.labs.nic.at}},
  month=Sep,
  year = {2011}
}

@manual{Verizon-SMS911,
  author={PCMag.com},
  title={{Verizon First to Offer National Text-to-911 Service}},
  note={URL: \url{http://www.pcmag.com/article2/0,2817,2404036,00.asp}},
  day=7,
  month=May,
  year={2012}
}

@manual{112app,
  author={PCMag.com},
  title={{112 day: 74 \% of Europeans don't know what emergency number to call when travelling in the EU. New campaign}},
  note={URL: \url{http://ec.europa.eu/commission_2010-2014/kallas/headlines/news/2012/02/112_day_en.htm}},
  day=10,
  month=Feb,
  year={2012}
}


@manual{ECRIT-BOF,
  author={IETF},
  title={{61st IETF Meeting in Washington, DC USA: Emergency Context Resolution with Internet Technologies (ecrit) BOF}},
  note={URL: \url{http://www.ietf.org/proceedings/61/ecrit.html}},
  day=4,
  month=Nov,
  year={2004}
}

@manual{Tao-of-IETF,
  author={IETF},
  title={{The Tao of IETF: A Novice's Guide to the Internet Engineering Task Force}},
  note={URL: \url{http://www.ietf.org/tao.html}},
  day=15,
  month=Oct,
  year={2011}
}

@manual{SDO-Workshop-1,
  author={Hannes Tschofenig},
  title={{SDO Emergency Services Coordination Workshop (ESW06)}},
  note={URL: \url{http://www.emergency-services-coordination.info/esw1.html}},
  day=5,
  month=Oct,
  year={2006}
}

@manual{SDO-Coordination,
  author={Hannes Tschofenig},
  title={{Emergency Services Workshop}},
  note={URL: \url{http://www.emergency-services-coordination.info}},
  year={2012}
}

@manual{FCC-Chairman-Quote,
  author={MIT Technology Review},
  title={{Texting 'SOS' to 911}},
  note={URL: \url{http://www.technologyreview.com/news/425079/texting-sos-to-911/}},
  month=Aug,
  year={2011}
}


@manual{3GPP-eCall,
   author={3GPP},
    title = {{eCall specifications set to save lives}},
    note={URL: \url{http://www.3gpp.org/eCall}},
    month = mar,
    year = {2009}
}


@inProceedings{ae-231-TV2004,
    author    = {Trevisani, {E.} and Vitaletti, {A.}},
    title     = {{Cell-ID Location Technique, Limits and Benefits: An Experimental Study}},
    booktitle = {WMCSA '04: Proceedings of the Sixth IEEE Workshop on Mobile Computing Systems and Applications (WMCSA'04)},
    pages   = {51--60},
    year      = 2004,
}


@manual{EENA-CallerLocation,
   author={EENA},
    title = {{Caller Location in Support of Emergency Services EENA Operations Document, Version 1.3}},
    note={URL: \url{http://www.eena.org/ressource/static/files/2011_05_27_2.2.2.cl_v1.3.pdf}},
    month = may,
    year = {2011}
}

@manual{DawsonLocationEENA,
   author={Martin Dawson},
    title = {{Presentation about the 'The Standard Mobile Emergency Service' at the EENA }},
    note={URL: \url{http://www.eena.org/ressource/static/files/commscope-eena-mobilelocation-april-2011.pdf}},
    month = Apr,
    year = {2011}
}

@article{journals/cacm/Tschofenig11,
  author = {Tschofenig, Hannes},
  note = {http://doi.acm.org/10.1145/2018396.2018405},
  journal = {Communications of the ACM},
  number = 11,
  pages = {23-25},
  title = {{Security Risks in Next-Generation Emergency Services}},
  volume = 54,
  year = 2011
}

@manual{NSTIC,
   author={NIST},
    title = {{National Strategy for Trusted Identities in Cyberspace}},
    note={URL: \url{http://www.nist.gov/nstic/}}
}

@manual{NG-SEC,
   author={NENA},
    title = {{NENA Security for Next-Generation 9-1-1 Standard (NG-SEC), NENA 75-001, Version 1}},
    note={URL: \url{http://nena9-1-1.org/sites/default/files/75-001_NG-Security.pdf}}, 
    month=feb,
    year=2010
}

@manual{theCall,
   author={NENA},
    title = {{The Call, Issue No. 4, The Official Publication of NENA}},
    note={URL: \url{http://www.nena.org/?page=TheCallMagazine}}, 
    month=Aug,
    year=2012
}

@manual{HeERO,
   author={Andy Rooke and Jerome Paris},
    title = {{HeERO - Harmonised eCall European Pilot}},
    note={URL: \url{http://www.heero-pilot.eu/view/en/index.html}}
}

@manual{NENA-ICE,
   author={NENA},
    title = {{NG9-1-1 ICE - Industry Collaboration Events}},
    note={URL: \url{http://www.nena.org/?page=NG911_ICE}}
}

@manual{BTWHOLESALE,
   author={British Telecom},
    title = {{British Telecommunications Carrier Price List, Ancillary Service - Emergency Services}},
    note={URL: \url{https://www.btwholesale.com/shared/document/CPL/NCCN_2010_jan/nccn_998a.rtf}}, 
   month=Mar,
   year=2010
}

@manual{COMREG,
   author={Irish Commission for Communications Regulation},
    title = {{Emergency Call Answering Service: Call Handling Fee Review 2012/2013, Reference Number: 11/81}},
    note={URL: \url{http://www.comreg.ie/publications/emergency_call_answering_service__call_handling_fee_review_2012_2013.596.103967.p.html}},
   month=Nov,
   year=2011
}

@manual{NENA-Funding,
   author={NENA},
    title = {{Funding 9-1-1 Into the Next Generation: An Overview of NG9-1-1 Funding Model Options for Consideration}},
    note={URL: \url{http://www.nena.org/resource/resmgr/NGPP/NGFundingReport.pdf}}, 
   month=Mar,
   year=2007
}

@manual{DOC-300946A1,
   author={FCC},
    title = {{Second Annual Report to Congress on the State Collection and Distribution of 911 and Enhanced 911 Fees and Charges}},
    note={URL: \url{http://hraunfoss.fcc.gov/edocs_public/attachmatch/DOC-300946A1.pdf}}, 
   month=Aug,
   year=2010
}

@manual{DOC-310895A1,
   author={FCC},
    title = {{3rd Report to Congress On State 911 Fees and Charges}},
    note={URL: \url{http://www.fcc.gov/document/3rd-report-congress-state-911-fees-and-charges}}, 
   month=Nov,
   year=2011
}

@manual{DOC-310873A2,
   author={FCC},
    title = {{911 Fees, Congressional Report}},
    note={URL: \url{http://www.fcc.gov/document/911-fees-congressional-report}}, 
   month=Nov,
   year=2011
}

@manual{EENA-NR,
   author={EENA},
    title = {{EENA Network of Researchers}},
    note={URL: \url{http://www.eena.org/view/en/Memberships/eena_network_of_researchers.html}}
}

@manual{EENA-International,
   author={EENA},
    title = {{Transnational Emergency Calls, Version 1.0}},
    note={URL: \url{http://www.eena.org/ressource/static/files/3-5-4-1_v1-0.pdf}}, 
   month=Jan,
   year=2012
}

@manual{EENA-PSAPs-Europe,
   author={EENA},
    title = {{Public Safety Answering Points in Europe}},
    note={URL: \url{http://www.eena.org/ressource/static/files/psaps_in_europe_eena_publication_2011_abstract1.pdf}}, 
   month=Dec,
   year=2011
}

@manual{EENA-112-Models,
   author={Gary Machado},
    title = {{112 models in Europe}},
    note={URL: \url{http://www.eena.org/ressource/static/files/National112Systems_models.pdf}}, 
   month=Nov,
   year=2009
}

@manual{EENA-FalseCalls,
   author={EENA},
    title = {{False Emergency Calls, EENA Operations Document, Version 1.1}},
    note={URL: \url{http://www.eena.org/ressource/static/files/2012_05_04-3.1.2.fc_v1.1.pdf}}, 
   month=May,
   year=2011
}

@manual{EENA-NG112,
   author={EENA},
    title = {{Next Generation 112 Long Term Definition, Version 1.0}},
    note={URL: \url{http://www.eena.org/ressource/static/files/eena_ng112_ltd_v1-0_final.pdf}}, 
   month=Apr,
   year=2012
}

@manual{FGDC,
   author={FGDC},
    title = {{Standards publications - Federal Geographic Data Committee}},
    note={URL: \url{http://www.fgdc.gov/standards/standards_publications/}}, 
   month=Sep,
   year=2012
}


@manual{USPS,
   author={US Postal Service},
    title = {{Postal Addressing Standards, Publication 28}},
    note={URL: \url{http://pe.usps.gov/cpim/ftp/pubs/Pub28/Pub28.pdf}}, 
   month=Apr,
   year=2010
}

@manual{FGDC-STD-016-2011,
   author={US Federal Geographic Data Committee},
    title = {{United States Thoroughfare, Landmark, and Postal Address Data Standard, FGDC-STD-016-2011}},
    note={URL: \url{http://www.fgdc.gov/standards/standards_publications/}}, 
   month=Feb,
   year=2011
}

@manual{INCITS,
   author={US Census Bureau},
    title = {{INCITS 31:2009, Codes for the Identification of Counties and Equivalent Entities of the United States, its Possessions, and Insular Areas}},
    note={URL: \url{http://www.census.gov/geo/www/ansi/ansi.html}}, 
   month=Feb,
   year=2011
}

@manual{ISO3166-1,
   author={International Standards Organization},
    title = {{ISO 3166-1: Codes for the representation of names of countries and their subdivisions -- Part 1: Country codes}},
    note={URL: \url{http://www.iso.org/iso/country_codes/iso_3166_code_lists/country_names_and_code_elements}},
    year=1997
}

@manual{NENA-Facts,
   author={NENA},
    title = {{9-1-1 Origin \& History}},
    note={URL: \url{http://www.nena.org/?page=911overviewfacts}, last accessed September 2012}
}

@manual{Verizon-E911,
   author={Verizon},
    title = {{Verizon Global Wholesale - E9-1-1}},
    note={URL: \url{http://www22.verizon.com/wholesale/solutions/solution/e911.html}, last accessed September 2012}
}

@manual{FCC-Wireless-911-Req,
   author={FCC},
    title = {{Fact Sheet: FCC WIRELESS 911 REQUIREMENTS}},
    note={URL: \url{http://www.fcc.gov/pshs/services/911-services/enhanced911/archives/factsheet_requirements_012001.pdf}},
   month=Jan,
   year=2001
}

@manual{CrawfordSusan,
   author={Susan Crawford},
    title = {{The Ambulance, the Squad Car, and the Internet}},
    note={Berkeley Technology Law Journal, Available at SSRN: \url{http://ssrn.com/abstract=885582}},
   month=Feb,
   year=2006
}

@manual{KellyCarroll,
   author={Kelly Carroll},
    title = {{One fine E911 mess}},
    note={\url{http://connectedplanetonline.com/mag/telecom_one_fine_mess/}},
   month=Aug,
   year=2001
}

@manual{DaleHatfield,
   author={Dale N. Hatfield},
    title = {{A Report on Technical and Operational Issues Impacting The Provision of Wireless Enhanced 911 Services, Prepared for the Federal Communications Commission}},
    note={\url{http://gullfoss2.fcc.gov/prod/ecfs/retrieve.cgi?native_or_pdf=pdf&id_document=6513296239}},
   month=Oct,
   year=2002
}

@manual{LeslieCauley,
   author={Leslie Cauley},
    title = {{FCC cut study finding 911 flaws; Indoor wireless calls often can't be tracked}},
    note={\url{http://usatoday30.usatoday.com/printedition/money/20070314/1b_wireless14.art.htm}},
   month=Mar,
   year=2007
}

@manual{FCC-VoIP,
   author={FCC},
    title = {{Voice-over-Internet Protocol}},
    note={\url{http://transition.fcc.gov/voip/}},
   month=Aug,
   year=2005
}
	

@manual{GeoffDuncan,
   author={Geoff Duncan},
    title = {{VOIP Providers Largely Miss E911 Deadline}},
    note={\url{http://www.digitaltrends.com/lifestyle/voip-providers-largely-miss-e911-deadline/}},
   month=Nov,
   year=2005
}

@manual{911-Improvement-Act,
   author={U.S. Congress},
    title = {{New and Emerging Technologies 911 Improvement Act of 2008 (NET 911 Act), Pub. L. No. 110-283, 122 Stat. 2620}},
    note={\url{www.gpo.gov/fdsys/pkg/BILLS-110hr3403enr/pdf/BILLS-110hr3403enr.pdf}},
   year=2008
}
