
@MISC{IETF92,
    title = {{Architectural Considerations in Smart Object Networking}},
	author = {Dave Thaler and Hannes Tschofenig},
    year    = 2015,
	month   = Mar,
	note = {http://www.ietf.org/proceedings/92/slides/slides-92-iab-techplenary-2.pdf}
}


@MISC{LWIG,
    title = {{Presentation at the IETF92 Light-Weight Implementation Guidance (lwig) working group meeting on Crypto Performance}},
	author = {H. Tschofenig and M. Pegourie-Gonnard},
    year    = 2015,
	month   = Mar,
	note = {http://www.ietf.org/proceedings/92/slides/slides-92-lwig-3.pptx}
}



@MISC{Cortex-M,
    title = {{Cortex-M Series}},
	author = {ARM},
    year    = 2015,
	month   = Mar,
	note = {http://www.arm.com/products/processors/cortex-m/}
}


@MISC{mbedTLS,
    title = {{mbedTLS}},
	author = {ARM},
    year    = 2015,
	month   = Mar,
	note = {https://tls.mbed.org}
}

@MISC{rfc7452,
    title = {{Architectural Considerations in Smart Object Networking}},
    author = {H. Tschofenig and J. Arkko and D. Thaler and D. McPherson},
    year    = 2015,
    month   = Mar,
    INSTITUTION =  {Internet Engineering Task Force},
    note =         {{RFC} 7452, Request For Comments},
}


@MISC{mbed,
    title = {{Announcing our plans for mbed v3.0}},
	author = {S. Ford},
    year    = 2014,
	month   = Oct,
	note = {http://developer.mbed.org/blog/entry/Announcing-our-plans-for-mbed-v30/}
}


@MISC{draft-ietf-dice-profile,
    title = {{A TLS/DTLS Profile for the Internet of Things}},
    author = {H. Tschofenig and T. Fossati},
    year    = 2015,
    month   = Mar,
    INSTITUTION =  {Internet Engineering Task Force},
    note    = {{IETF} draft (work in progress), draft-ietf-dice-profile-10.txt}
}

