@MISC{fido,
    title = {{FIDO (Fast IDentity Online) Alliance}},
	author = {FIDO},
    year    = 2014,
	month   = July,
	note = {https://fidoalliance.org/}
}




@MISC{u2f,
    title = {{FIDO Alliance Universal Authentication Framework (UAF)}},
	author = {FIDO},
    year    = 2014,
	month   = Feb,
	note = {https://fidoalliance.org/specs/fido-uaf-v1.0-rd-20140209.zip}
}

@MISC{uaf,
    title = {{FIDO Alliance Universal 2nd Factor (U2F)}},
	author = {FIDO},
    year    = 2014,
	month   = Feb,
	note = {https://fidoalliance.org/specs/fido-u2f-v1.0-rd-20140209.zip}
}
