@MISC{HyperCat,
    title = {{HyperCat}},
    author = {},
    year    = 2013,
	  month   = Sep,
  	URL="http://wiki.1248.io/doku.php?id=hypercat"
}

@MISC{IPSO,
    title = {{IP for Smart Objects (IPSO) Alliance}},
    author = {},
    year    = 2014,
	  month   = May,
  	URL="http://www.ipso-alliance.org/"
}

@MISC{LWM2M,
    title = {{OMA LightweightM2M v1.0}},
    author = {OMA},
    year    = 2013,
	  month   = Dec,
  	URL="http://technical.openmobilealliance.org/Technical/release_program/lightweightM2M_v1_0.aspx"
}


@Techreport{RFC3444,
  author = "A. Pras and J. Schoenwaelder",
  title = "{On the Difference between Information Models and Data Models}",
  type = "RFC",
  institution = "Internet Engineering Task Force",
  number = 3444,
  days = 15,
  month = jan,
  year = 2003,
  url = "http://www.rfc-editor.org/rfc/rfc3444.txt",
}

@MISC{MQTT,
    title = {{MQ Telemetry Transport (MQTT) V3.1 Protocol Specification}},
    author = {IBM},
    year    = 2010,
	  month   = Aug,
  	URL="https://www.ibm.com/developerworks/library/ws-mqtt/"
}

@Techreport{RFC6455,
  author = "I. Fette and A. Melnikov",
  title = "{The WebSocket Protocol}",
  type = "RFC",
  institution = "Internet Engineering Task Force",
  number = 6455,
  days = 15,
  month = dec,
  year = 2011,
  url = "http://www.rfc-editor.org/rfc/rfc6455.txt",
}


@TECHREPORT{draft-ietf-core-coap,
AUTHOR="Z. Shelby and K. Hartke and C. Bormann",
TITLE="{Constrained Application Protocol (CoAP)}",
TYPE="Internet-Draft",
INSTITUTION="Internet Engineering Task Force",
NUMBER="draft-ietf-core-coap-18",
NOTE="Work in progress",
DAYS=2013,
MONTH=06,
YEAR=2028,
URL="http://www.ietf.org/internet-drafts/draft-ietf-core-coap-18.txt",
}



@Techreport{RFC6690,
  author = "Z. Shelby",
  title = "{Constrained RESTful Environments (CoRE) Link Format}",
  type = "RFC",
  institution = "Internet Engineering Task Force",
  number = 6690,
  days = 15,
  month = aug,
  year = 2012,
  url = "http://www.rfc-editor.org/rfc/rfc6690.txt",
}

@TECHREPORT{draft-ietf-core-resource-directory,
AUTHOR="Z. Shelby and C. Bormann and S. Krco",
TITLE="{CoRE Resource Directory}",
TYPE="Internet-Draft",
INSTITUTION="Internet Engineering Task Force",
NUMBER="draft-ietf-core-resource-directory-01",
NOTE="Work in progress",
DAYS=2013,
MONTH=12,
YEAR=2011,
URL="http://www.ietf.org/internet-drafts/draft-ietf-core-resource-directory-01.txt",
}
